<?xml version="1.0" encoding="UTF-8"?>
<!DOCTYPE html PUBLIC "-//W3C//DTD XHTML 1.0 Transitional//EN"
    "http://www.w3.org/TR/xhtml1/DTD/xhtml1-transitional.dtd">
<html xmlns="http://www.w3.org/1999/xhtml" xml:lang="en" lang="en">
 <head>
  <title>
</title>
<meta http-equiv="Content-Type" content="text/html;charset=utf-8" />
  <meta name='ocr-system' content='tesseract 3.04.00' />
  <meta name='ocr-capabilities' content='ocr_page ocr_carea ocr_par ocr_line ocrx_word'/>
</head>
<body>
  <div class='ocr_page' id='page_1' title='image "./marcellidemedic00unkngoog_0028.png"; bbox 0 0 2575 4092; ppageno 0'>
   <div class='ocr_carea' id='block_1_1' title="bbox 1134 224 1564 289">
    <p class='ocr_par' dir='ltr' id='par_1_1' title="bbox 1134 224 1564 289">
     <span class='ocr_line' id='line_1_1' title="bbox 1134 224 1564 289; baseline -0.002 -18"><span class='ocrx_word' id='word_1_1' title='bbox 1134 224 1564 289; x_wconf 73' lang='lat'>-13-</span> 
     </span>
    </p>
   </div>
   <div class='ocr_carea' id='block_1_2' title="bbox 228 387 2455 3049">
    <p class='ocr_par' dir='ltr' id='par_1_2' title="bbox 228 387 2455 3049">
     <span class='ocr_line' id='line_1_2' title="bbox 336 387 2369 468; baseline -0.001 -17"><span class='ocrx_word' id='word_1_2' title='bbox 336 391 480 451; x_wconf 85' lang='lat' dir='ltr'><strong>sitas</strong></span> <span class='ocrx_word' id='word_1_3' title='bbox 536 397 597 450; x_wconf 91' lang='lat' dir='ltr'><strong>et</strong></span> <span class='ocrx_word' id='word_1_4' title='bbox 652 407 770 449; x_wconf 80' lang='lat' dir='ltr'><strong>uon</strong></span> <span class='ocrx_word' id='word_1_5' title='bbox 819 387 1012 449; x_wconf 88' lang='lat' dir='ltr'><strong>solum</strong></span> <span class='ocrx_word' id='word_1_6' title='bbox 1057 390 1334 467; x_wconf 88' lang='lat' dir='ltr'><strong>antiquos</strong></span> <span class='ocrx_word' id='word_1_7' title='bbox 1381 396 1688 468; x_wconf 76' lang='lat' dir='ltr'><strong>auctoreS,</strong></span> <span class='ocrx_word' id='word_1_8' title='bbox 1729 405 1838 466; x_wconf 89' lang='lat' dir='ltr'><strong>per</strong></span> <span class='ocrx_word' id='word_1_9' title='bbox 1883 405 2034 466; x_wconf 88' lang='lat' dir='ltr'><strong>quos</strong></span> <span class='ocrx_word' id='word_1_10' title='bbox 2091 405 2369 449; x_wconf 88' lang='lat' dir='ltr'><strong>consum-</strong></span> 
     </span>
     <span class='ocr_line' id='line_1_3' title="bbox 333 476 2374 558; baseline -0.001 -19"><span class='ocrx_word' id='word_1_11' title='bbox 333 485 532 540; x_wconf 84' lang='lat' dir='ltr'><strong>matur</strong></span> <span class='ocrx_word' id='word_1_12' title='bbox 588 478 906 558; x_wconf 68' lang='lat' dir='ltr'><strong>protessio,</strong></span> <span class='ocrx_word' id='word_1_13' title='bbox 953 476 1192 556; x_wconf 87' lang='lat' dir='ltr'><strong>quidam</strong></span> <span class='ocrx_word' id='word_1_14' title='bbox 1240 479 1544 557; x_wconf 77' lang='lat' dir='ltr'><strong>ignorant,</strong></span> <span class='ocrx_word' id='word_1_15' title='bbox 1603 476 1709 537; x_wconf 89' lang='lat' dir='ltr'><strong>sed</strong></span> <span class='ocrx_word' id='word_1_16' title='bbox 1764 478 1946 537; x_wconf 82' lang='lat' dir='ltr'><strong>etiam</strong></span> <span class='ocrx_word' id='word_1_17' title='bbox 1995 478 2374 538; x_wconf 80' lang='lat' dir='ltr'><strong>comminisci</strong></span> 
     </span>
     <span class='ocr_line' id='line_1_4' title="bbox 228 564 2370 646; baseline 0.002 -24"><span class='ocrx_word' id='word_1_18' title='bbox 228 575 300 624; x_wconf 89' lang='lat'><strong>10</strong></span> <span class='ocrx_word' id='word_1_19' title='bbox 339 567 482 628; x_wconf 87' lang='lat' dir='ltr'><strong>falsa</strong></span> <span class='ocrx_word' id='word_1_20' title='bbox 528 567 601 628; x_wconf 89' lang='lat' dir='ltr'><strong>de</strong></span> <span class='ocrx_word' id='word_1_21' title='bbox 649 569 721 627; x_wconf 86' lang='lat' dir='ltr'><strong>iis</strong></span> <span class='ocrx_word' id='word_1_22' title='bbox 769 567 1006 628; x_wconf 78' lang='lat' dir='ltr'><strong>audent.</strong></span> <span class='ocrx_word' id='word_1_23' title='bbox 1089 564 1205 627; x_wconf 85' lang='lat' dir='ltr'><strong>Ubi</strong></span> <span class='ocrx_word' id='word_1_24' title='bbox 1259 569 1418 626; x_wconf 84' lang='lat' dir='ltr'><strong>enim</strong></span> <span class='ocrx_word' id='word_1_25' title='bbox 1469 565 1736 627; x_wconf 84' lang='lat' dir='ltr'><strong>delectus</strong></span> <span class='ocrx_word' id='word_1_26' title='bbox 1783 583 1906 626; x_wconf 62' lang='lat' dir='ltr'><strong>non,</strong></span> <span class='ocrx_word' id='word_1_27' title='bbox 1949 572 2044 627; x_wconf 90' lang='lat' dir='ltr'><strong>est</strong></span> <span class='ocrx_word' id='word_1_28' title='bbox 2087 583 2370 646; x_wconf 83' lang='lat' dir='ltr'><strong>persona·</strong></span> 
     </span>
     <span class='ocr_line' id='line_1_5' title="bbox 335 653 2369 736; baseline -0.001 -18"><span class='ocrx_word' id='word_1_29' title='bbox 335 675 499 736; x_wconf 84' lang='lat' dir='ltr'><strong>rum,</strong></span> <span class='ocrx_word' id='word_1_30' title='bbox 568 655 672 717; x_wconf 82' lang='lat' dir='ltr'><strong>sed</strong></span> <span class='ocrx_word' id='word_1_31' title='bbox 729 655 938 716; x_wconf 89' lang='lat' dir='ltr'><strong>eodem</strong></span> <span class='ocrx_word' id='word_1_32' title='bbox 994 654 1170 715; x_wconf 82' lang='lat' dir='ltr'><strong>modo</strong></span> <span class='ocrx_word' id='word_1_33' title='bbox 1225 654 1418 715; x_wconf 82' lang='lat' dir='ltr'><strong>malus</strong></span> <span class='ocrx_word' id='word_1_34' title='bbox 1472 653 1785 734; x_wconf 85' lang='lat' dir='ltr'><strong>bonusque</strong></span> <span class='ocrx_word' id='word_1_35' title='bbox 1846 654 2124 735; x_wconf 82' lang='lat' dir='ltr'><strong>habetur,</strong></span> <span class='ocrx_word' id='word_1_36' title='bbox 2190 653 2369 715; x_wconf 85' lang='lat' dir='ltr'><strong>disci-</strong></span> 
     </span>
     <span class='ocr_line' id='line_1_6' title="bbox 334 741 2427 826; baseline -0.001 -20"><span class='ocrx_word' id='word_1_37' title='bbox 334 745 535 826; x_wconf 85' lang='lat' dir='ltr'><strong>plinae</strong></span> <span class='ocrx_word' id='word_1_38' title='bbox 587 763 655 805; x_wconf 88' lang='lat' dir='ltr'><strong>ac</strong></span> <span class='ocrx_word' id='word_1_39' title='bbox 716 752 917 806; x_wconf 85' lang='lat' dir='ltr'><strong>sectae</strong></span> <span class='ocrx_word' id='word_1_40' title='bbox 979 743 1313 805; x_wconf 82' lang='lat' dir='ltr'><strong>observatio</strong></span> <span class='ocrx_word' id='word_1_41' title='bbox 1377 745 1564 824; x_wconf 88' lang='lat' dir='ltr'><strong>perit,</strong></span> <span class='ocrx_word' id='word_1_42' title='bbox 1625 743 1903 823; x_wconf 83' lang='lat' dir='ltr'><strong>quodque</strong></span> <span class='ocrx_word' id='word_1_43' title='bbox 1970 746 2098 803; x_wconf 90' lang='lat' dir='ltr'><strong>sine</strong></span> <span class='ocrx_word' id='word_1_44' title='bbox 2163 741 2368 804; x_wconf 86' lang='lat' dir='ltr'><strong>labore</strong></span> <span class='ocrx_word' id='word_1_45' title='bbox 2397 762 2427 803; x_wconf 87' lang='lat'><strong>5</strong></span> 
     </span>
     <span class='ocr_line' id='line_1_7' title="bbox 338 831 2368 914; baseline -0.001 -19"><span class='ocrx_word' id='word_1_46' title='bbox 338 841 534 914; x_wconf 82' lang='lat' dir='ltr'><strong>potest</strong></span> <span class='ocrx_word' id='word_1_47' title='bbox 571 836 918 913; x_wconf 82' lang='lat' dir='ltr'><strong>contingere</strong></span> <span class='ocrx_word' id='word_1_48' title='bbox 955 833 1234 912; x_wconf 79' lang='lat' dir='ltr'><strong>idemque</strong></span> <span class='ocrx_word' id='word_1_49' title='bbox 1264 832 1618 912; x_wconf 81' lang='lat' dir='ltr'><strong>dignitatem</strong></span> <span class='ocrx_word' id='word_1_50' title='bbox 1644 841 1822 911; x_wconf 85' lang='lat' dir='ltr'><strong>atque</strong></span> <span class='ocrx_word' id='word_1_51' title='bbox 1852 831 2172 893; x_wconf 79' lang='lat' dir='ltr'><strong>utilitatem</strong></span> <span class='ocrx_word' id='word_1_52' title='bbox 2196 850 2368 911; x_wconf 79' lang='lat' dir='ltr'><strong>prae·</strong></span> 
     </span>
     <span class='ocr_line' id='line_1_8' title="bbox 339 921 2367 1003; baseline -0.002 -19"><span class='ocrx_word' id='word_1_53' title='bbox 339 931 498 984; x_wconf 83' lang='lat' dir='ltr'><strong>stare</strong></span> <span class='ocrx_word' id='word_1_54' title='bbox 538 923 790 1003; x_wconf 87' lang='lat' dir='ltr'><strong>videtur,</strong></span> <span class='ocrx_word' id='word_1_55' title='bbox 827 922 887 983; x_wconf 90' lang='lat' dir='ltr'><strong>id</strong></span> <span class='ocrx_word' id='word_1_56' title='bbox 926 940 1085 984; x_wconf 56' lang='lat' dir='ltr'><strong>unus,</strong></span> <span class='ocrx_word' id='word_1_57' title='bbox 1122 923 1380 1001; x_wconf 75' lang='lat' dir='ltr'><strong>quisque</strong></span> <span class='ocrx_word' id='word_1_58' title='bbox 1406 924 1594 1000; x_wconf 80' lang='lat' dir='ltr'><strong>magis</strong></span> <span class='ocrx_word' id='word_1_59' title='bbox 1622 923 1913 1001; x_wconf 82' lang='lat' dir='ltr'><strong>sequitur.</strong></span> <span class='ocrx_word' id='word_1_60' title='bbox 1980 921 2079 982; x_wconf 90' lang='lat' dir='ltr'><strong>Sic</strong></span> <span class='ocrx_word' id='word_1_61' title='bbox 2107 928 2175 983; x_wconf 88' lang='lat' dir='ltr'><strong>ut</strong></span> <span class='ocrx_word' id='word_1_62' title='bbox 2203 922 2367 1000; x_wconf 88' lang='lat' dir='ltr'><strong>quis-</strong></span> 
     </span>
     <span class='ocr_line' id='line_1_9' title="bbox 338 1009 2368 1093; baseline -0.001 -21"><span class='ocrx_word' id='word_1_63' title='bbox 338 1030 453 1091; x_wconf 78' lang='lat' dir='ltr'><strong>que</strong></span> <span class='ocrx_word' id='word_1_64' title='bbox 511 1011 696 1093; x_wconf 84' lang='lat' dir='ltr'><strong>volet,</strong></span> <span class='ocrx_word' id='word_1_65' title='bbox 753 1012 929 1073; x_wconf 83' lang='lat' dir='ltr'><strong>faciet</strong></span> <span class='ocrx_word' id='word_1_66' title='bbox 982 1011 1355 1072; x_wconf 77' lang='lat' dir='ltr'><strong>medicinam.</strong></span> <span class='ocrx_word' id='word_1_67' title='bbox 1440 1009 1739 1082; x_wconf 72' lang='lat' dir='ltr'><strong>Quosdam</strong></span> <span class='ocrx_word' id='word_1_68' title='bbox 1795 1013 1956 1072; x_wconf 86' lang='lat' dir='ltr'><strong>enim</strong></span> <span class='ocrx_word' id='word_1_69' title='bbox 2006 1029 2038 1071; x_wconf 89' lang='lat' dir='ltr'><strong>a</strong></span> <span class='ocrx_word' id='word_1_70' title='bbox 2083 1027 2368 1090; x_wconf 89' lang='lat' dir='ltr'><strong>perverso</strong></span> 
     </span>
     <span class='ocr_line' id='line_1_10' title="bbox 334 1098 2371 1180; baseline -0.001 -19"><span class='ocrx_word' id='word_1_71' title='bbox 334 1103 643 1180; x_wconf 86' lang='lat' dir='ltr'><strong>proposito</strong></span> <span class='ocrx_word' id='word_1_72' title='bbox 699 1119 875 1160; x_wconf 73' lang='lat' dir='ltr'><strong>nenio</strong></span> <span class='ocrx_word' id='word_1_73' title='bbox 931 1107 1130 1178; x_wconf 87' lang='lat' dir='ltr'><strong>potest</strong></span> <span class='ocrx_word' id='word_1_74' title='bbox 1172 1117 1413 1160; x_wconf 85' lang='lat' dir='ltr'><strong>movere</strong></span> <span class='ocrx_word' id='word_1_75' title='bbox 1470 1108 1531 1161; x_wconf 90' lang='lat' dir='ltr'><strong>et</strong></span> <span class='ocrx_word' id='word_1_76' title='bbox 1583 1117 1728 1160; x_wconf 88' lang='lat' dir='ltr'><strong>sane</strong></span> <span class='ocrx_word' id='word_1_77' title='bbox 1772 1098 2049 1160; x_wconf 86' lang='lat' dir='ltr'><strong>omnibus</strong></span> <span class='ocrx_word' id='word_1_78' title='bbox 2095 1100 2371 1177; x_wconf 79' lang='lat' dir='ltr'><strong>permisit</strong></span> 
     </span>
     <span class='ocr_line' id='line_1_11' title="bbox 335 1188 2455 1269; baseline -0.001 -20"><span class='ocrx_word' id='word_1_79' title='bbox 335 1189 591 1251; x_wconf 79' lang='lat' dir='ltr'><strong>liberum</strong></span> <span class='ocrx_word' id='word_1_80' title='bbox 630 1188 945 1250; x_wconf 74' lang='lat' dir='ltr'><strong>arbitrium</strong></span> <span class='ocrx_word' id='word_1_81' title='bbox 981 1189 1328 1268; x_wconf 71' lang='lat' dir='ltr'><strong>magnitudo</strong></span> <span class='ocrx_word' id='word_1_82' title='bbox 1364 1190 1754 1269; x_wconf 71' lang='lat' dir='ltr'><strong>professionis</strong></span> <span class='ocrx_word' id='word_1_83' title='bbox 1792 1190 1942 1249; x_wconf 78' lang='lat' dir='ltr'><strong>eius,</strong></span> <span class='ocrx_word' id='word_1_84' title='bbox 2005 1188 2226 1249; x_wconf 78' lang='lat' dir='ltr'><strong>Multos</strong></span> <span class='ocrx_word' id='word_1_85' title='bbox 2259 1189 2367 1249; x_wconf 82' lang='lat' dir='ltr'><strong>ita-</strong></span> <span class='ocrx_word' id='word_1_86' title='bbox 2398 1207 2455 1247; x_wconf 81' lang='grc' dir='ltr'><strong>ιο</strong></span> 
     </span>
     <span class='ocr_line' id='line_1_12' title="bbox 339 1277 2369 1358; baseline -0 -20"><span class='ocrx_word' id='word_1_87' title='bbox 339 1297 454 1358; x_wconf 84' lang='lat' dir='ltr'><strong>que</strong></span> <span class='ocrx_word' id='word_1_88' title='bbox 511 1278 1033 1338; x_wconf 80' lang='lat' dir='ltr'><strong>animadvertimus</strong></span> <span class='ocrx_word' id='word_1_89' title='bbox 1088 1279 1269 1339; x_wconf 80' lang='lat' dir='ltr'><strong>unius</strong></span> <span class='ocrx_word' id='word_1_90' title='bbox 1337 1278 1700 1338; x_wconf 76' lang='lat' dir='ltr'><strong>infirmitatis</strong></span> <span class='ocrx_word' id='word_1_91' title='bbox 1762 1277 2055 1338; x_wconf 83' lang='lat' dir='ltr'><strong>sanandae</strong></span> <span class='ocrx_word' id='word_1_92' title='bbox 2121 1278 2369 1338; x_wconf 83' lang='lat' dir='ltr'><strong>scientia</strong></span> 
     </span>
     <span class='ocr_line' id='line_1_13' title="bbox 234 1366 2369 1446; baseline -0.001 -18"><span class='ocrx_word' id='word_1_93' title='bbox 234 1373 299 1422; x_wconf 91' lang='grc'><strong>11</strong></span> <span class='ocrx_word' id='word_1_94' title='bbox 339 1367 559 1428; x_wconf 88' lang='lat' dir='ltr'><strong>medici</strong></span> <span class='ocrx_word' id='word_1_95' title='bbox 584 1366 825 1446; x_wconf 85' lang='lat' dir='ltr'><strong>plenum</strong></span> <span class='ocrx_word' id='word_1_96' title='bbox 859 1384 1076 1427; x_wconf 85' lang='lat' dir='ltr'><strong>nomen</strong></span> <span class='ocrx_word' id='word_1_97' title='bbox 1108 1375 1482 1428; x_wconf 78' lang='lat' dir='ltr'><strong>consecutos,</strong></span> <span class='ocrx_word' id='word_1_98' title='bbox 1521 1366 1643 1427; x_wconf 89' lang='lat' dir='ltr'><strong>Nos</strong></span> <span class='ocrx_word' id='word_1_99' title='bbox 1670 1384 1811 1427; x_wconf 87' lang='lat' dir='ltr'><strong>vero</strong></span> <span class='ocrx_word' id='word_1_100' title='bbox 1840 1366 1912 1427; x_wconf 92' lang='lat' dir='ltr'><strong>ab</strong></span> <span class='ocrx_word' id='word_1_101' title='bbox 1941 1368 2112 1427; x_wconf 87' lang='lat' dir='ltr'><strong>initio</strong></span> <span class='ocrx_word' id='word_1_102' title='bbox 2141 1374 2369 1427; x_wconf 87' lang='lat' dir='ltr'><strong>rectam</strong></span> 
     </span>
     <span class='ocr_line' id='line_1_14' title="bbox 337 1455 2369 1537; baseline -0 -21"><span class='ocrx_word' id='word_1_103' title='bbox 337 1459 495 1517; x_wconf 83' lang='lat' dir='ltr'><strong>viam</strong></span> <span class='ocrx_word' id='word_1_104' title='bbox 548 1457 740 1516; x_wconf 90' lang='lat' dir='ltr'><strong>secuti</strong></span> <span class='ocrx_word' id='word_1_105' title='bbox 785 1455 930 1516; x_wconf 88' lang='lat' dir='ltr'><strong>nihil</strong></span> <span class='ocrx_word' id='word_1_106' title='bbox 978 1458 1149 1535; x_wconf 89' lang='lat' dir='ltr'><strong>prius</strong></span> <span class='ocrx_word' id='word_1_107' title='bbox 1203 1455 1319 1533; x_wconf 85' lang='lat' dir='ltr'><strong>[in]</strong></span> <span class='ocrx_word' id='word_1_108' title='bbox 1368 1458 1555 1517; x_wconf 87' lang='lat' dir='ltr'><strong>totius</strong></span> <span class='ocrx_word' id='word_1_109' title='bbox 1601 1458 1745 1516; x_wconf 87' lang='lat' dir='ltr'><strong>artis</strong></span> <span class='ocrx_word' id='word_1_110' title='bbox 1783 1457 2194 1537; x_wconf 77' lang='lat' dir='ltr'><strong>perceptione,</strong></span> <span class='ocrx_word' id='word_1_111' title='bbox 2251 1472 2369 1534; x_wconf 84' lang='lat' dir='ltr'><strong>qua</strong></span> 
     </span>
     <span class='ocr_line' id='line_1_15' title="bbox 338 1543 2368 1626; baseline -0 -21"><span class='ocrx_word' id='word_1_112' title='bbox 338 1544 566 1605; x_wconf 84' lang='lat' dir='ltr'><strong>homini</strong></span> <span class='ocrx_word' id='word_1_113' title='bbox 609 1546 997 1626; x_wconf 80' lang='lat' dir='ltr'><strong>permittitur,</strong></span> <span class='ocrx_word' id='word_1_114' title='bbox 1044 1544 1461 1622; x_wconf 79' lang='lat' dir='ltr'><strong>iudicavimus,</strong></span> <span class='ocrx_word' id='word_1_115' title='bbox 1510 1546 1648 1624; x_wconf 86' lang='lat' dir='ltr'><strong>quia</strong></span> <span class='ocrx_word' id='word_1_116' title='bbox 1692 1563 1763 1605; x_wconf 86' lang='lat' dir='ltr'><strong>ex</strong></span> <span class='ocrx_word' id='word_1_117' title='bbox 1810 1543 1920 1606; x_wconf 91' lang='lat' dir='ltr'><strong>hac</strong></span> <span class='ocrx_word' id='word_1_118' title='bbox 1968 1546 2162 1605; x_wconf 87' lang='lat' dir='ltr'><strong>omnia</strong></span> <span class='ocrx_word' id='word_1_119' title='bbox 2210 1562 2368 1605; x_wconf 86' lang='lat' dir='ltr'><strong>com·</strong></span> 
     </span>
     <span class='ocr_line' id='line_1_16' title="bbox 336 1632 2449 1713; baseline -0.001 -18"><span class='ocrx_word' id='word_1_120' title='bbox 336 1634 510 1695; x_wconf 87' lang='lat' dir='ltr'><strong>moda</strong></span> <span class='ocrx_word' id='word_1_121' title='bbox 558 1642 987 1695; x_wconf 85' lang='lat' dir='ltr'><strong>consecuturos</strong></span> <span class='ocrx_word' id='word_1_122' title='bbox 1035 1652 1144 1695; x_wconf 89' lang='lat' dir='ltr'><strong>nos</strong></span> <span class='ocrx_word' id='word_1_123' title='bbox 1183 1633 1690 1713; x_wconf 75' lang='lat' dir='ltr'><strong>existimabamuS,</strong></span> <span class='ocrx_word' id='word_1_124' title='bbox 1742 1652 1862 1694; x_wconf 85' lang='lat' dir='ltr'><strong>non</strong></span> <span class='ocrx_word' id='word_1_125' title='bbox 1908 1634 2140 1695; x_wconf 87' lang='lat' dir='ltr'><strong>medius</strong></span> <span class='ocrx_word' id='word_1_126' title='bbox 2185 1632 2363 1694; x_wconf 86' lang='lat' dir='ltr'><strong>fidius</strong></span> <span class='ocrx_word' id='word_1_127' title='bbox 2394 1651 2449 1692; x_wconf 82' lang='lat'><strong>15</strong></span> 
     </span>
     <span class='ocr_line' id='line_1_17' title="bbox 337 1722 2368 1802; baseline -0.001 -18"><span class='ocrx_word' id='word_1_128' title='bbox 337 1731 459 1784; x_wconf 85' lang='lat' dir='ltr'><strong>tam</strong></span> <span class='ocrx_word' id='word_1_129' title='bbox 521 1725 809 1802; x_wconf 83' lang='lat' dir='ltr'><strong>pecuniae</strong></span> <span class='ocrx_word' id='word_1_130' title='bbox 875 1731 977 1784; x_wconf 91' lang='lat' dir='ltr'><strong>aut</strong></span> <span class='ocrx_word' id='word_1_131' title='bbox 1046 1722 1268 1801; x_wconf 84' lang='lat' dir='ltr'><strong>gloriae</strong></span> <span class='ocrx_word' id='word_1_132' title='bbox 1334 1722 1660 1802; x_wconf 89' lang='lat' dir='ltr'><strong>cupiditate</strong></span> <span class='ocrx_word' id='word_1_133' title='bbox 1726 1741 1903 1802; x_wconf 83' lang='lat' dir='ltr'><strong>quam</strong></span> <span class='ocrx_word' id='word_1_134' title='bbox 1965 1724 2156 1801; x_wconf 80' lang='lat' dir='ltr'><strong>ipsius</strong></span> <span class='ocrx_word' id='word_1_135' title='bbox 2220 1724 2368 1783; x_wconf 85' lang='lat' dir='ltr'><strong>artis</strong></span> 
     </span>
     <span class='ocr_line' id='line_1_18' title="bbox 340 1811 2366 1891; baseline -0.001 -18"><span class='ocrx_word' id='word_1_136' title='bbox 340 1814 606 1873; x_wconf 89' lang='lat' dir='ltr'><strong>scientia.</strong></span> <span class='ocrx_word' id='word_1_137' title='bbox 688 1811 965 1891; x_wconf 83' lang='lat' dir='ltr'><strong>Magnum</strong></span> <span class='ocrx_word' id='word_1_138' title='bbox 1023 1814 1183 1872; x_wconf 90' lang='lat' dir='ltr'><strong>enim</strong></span> <span class='ocrx_word' id='word_1_139' title='bbox 1238 1820 1300 1873; x_wconf 91' lang='lat' dir='ltr'><strong>et</strong></span> <span class='ocrx_word' id='word_1_140' title='bbox 1349 1830 1528 1890; x_wconf 89' lang='lat' dir='ltr'><strong>supra</strong></span> <span class='ocrx_word' id='word_1_141' title='bbox 1575 1811 1834 1872; x_wconf 81' lang='lat' dir='ltr'><strong>hominis</strong></span> <span class='ocrx_word' id='word_1_142' title='bbox 1878 1820 2152 1874; x_wconf 88' lang='lat' dir='ltr'><strong>naturam</strong></span> <span class='ocrx_word' id='word_1_143' title='bbox 2199 1811 2366 1872; x_wconf 84' lang='lat' dir='ltr'><strong>duxi-</strong></span> 
     </span>
     <span class='ocr_line' id='line_1_19' title="bbox 334 1900 2365 1981; baseline -0 -19"><span class='ocrx_word' id='word_1_144' title='bbox 334 1919 468 1962; x_wconf 87' lang='lat' dir='ltr'><strong>mus</strong></span> <span class='ocrx_word' id='word_1_145' title='bbox 528 1919 704 1981; x_wconf 88' lang='lat' dir='ltr'><strong>posse</strong></span> <span class='ocrx_word' id='word_1_146' title='bbox 761 1901 1018 1980; x_wconf 84' lang='lat' dir='ltr'><strong>aliquem</strong></span> <span class='ocrx_word' id='word_1_147' title='bbox 1073 1903 1232 1961; x_wconf 88' lang='lat' dir='ltr'><strong>tueri</strong></span> <span class='ocrx_word' id='word_1_148' title='bbox 1286 1900 1378 1961; x_wconf 90' lang='lat' dir='ltr'><strong>vel</strong></span> <span class='ocrx_word' id='word_1_149' title='bbox 1433 1902 1772 1980; x_wconf 86' lang='lat' dir='ltr'><strong>reciperare</strong></span> <span class='ocrx_word' id='word_1_150' title='bbox 1838 1918 2004 1961; x_wconf 87' lang='lat' dir='ltr'><strong>suam</strong></span> <span class='ocrx_word' id='word_1_151' title='bbox 2071 1908 2133 1961; x_wconf 88' lang='lat' dir='ltr'><strong>et</strong></span> <span class='ocrx_word' id='word_1_152' title='bbox 2186 1902 2365 1961; x_wconf 90' lang='lat' dir='ltr'><strong>unius</strong></span> 
     </span>
     <span class='ocr_line' id='line_1_20' title="bbox 337 1987 2365 2070; baseline -0 -20"><span class='ocrx_word' id='word_1_153' title='bbox 337 1992 627 2069; x_wconf 82' lang='lat' dir='ltr'><strong>cuiusque</strong></span> <span class='ocrx_word' id='word_1_154' title='bbox 683 1989 900 2050; x_wconf 90' lang='lat' dir='ltr'><strong>honam</strong></span> <span class='ocrx_word' id='word_1_155' title='bbox 955 1987 1374 2051; x_wconf 85' lang='lat' dir='ltr'><strong>valetudinem.</strong></span> <span class='ocrx_word' id='word_1_156' title='bbox 1453 1988 1658 2068; x_wconf 91' lang='lat' dir='ltr'><strong>Itaque</strong></span> <span class='ocrx_word' id='word_1_157' title='bbox 1716 1997 1784 2050; x_wconf 91' lang='lat' dir='ltr'><strong>ut</strong></span> <span class='ocrx_word' id='word_1_158' title='bbox 1830 1991 2049 2051; x_wconf 88' lang='lat' dir='ltr'><strong>ceteris</strong></span> <span class='ocrx_word' id='word_1_159' title='bbox 2094 1988 2365 2070; x_wconf 88' lang='lat' dir='ltr'><strong>partibus</strong></span> 
     </span>
     <span class='ocr_line' id='line_1_21' title="bbox 337 2076 2450 2159; baseline -0.001 -21"><span class='ocrx_word' id='word_1_160' title='bbox 337 2078 713 2159; x_wconf 85' lang='lat' dir='ltr'><strong>disciplinae,</strong></span> <span class='ocrx_word' id='word_1_161' title='bbox 769 2080 851 2138; x_wconf 89' lang='lat' dir='ltr'><strong>ita</strong></span> <span class='ocrx_word' id='word_1_162' title='bbox 904 2076 1046 2138; x_wconf 89' lang='lat' dir='ltr'><strong>huic</strong></span> <span class='ocrx_word' id='word_1_163' title='bbox 1094 2095 1359 2158; x_wconf 90' lang='lat' dir='ltr'><strong>quoque,</strong></span> <span class='ocrx_word' id='word_1_164' title='bbox 1418 2096 1569 2157; x_wconf 90' lang='lat' dir='ltr'><strong>quae</strong></span> <span class='ocrx_word' id='word_1_165' title='bbox 1625 2097 1733 2158; x_wconf 89' lang='lat' dir='ltr'><strong>per</strong></span> <span class='ocrx_word' id='word_1_166' title='bbox 1779 2077 2208 2140; x_wconf 87' lang='lat' dir='ltr'><strong>medicamenta</strong></span> <span class='ocrx_word' id='word_1_167' title='bbox 2252 2081 2366 2139; x_wconf 85' lang='lat' dir='ltr'><strong>vir·</strong></span> <span class='ocrx_word' id='word_1_168' title='bbox 2394 2094 2450 2136; x_wconf 81' lang='lat'><strong>20</strong></span> 
     </span>
     <span class='ocr_line' id='line_1_22' title="bbox 334 2165 2366 2249; baseline 0 -22"><span class='ocrx_word' id='word_1_169' title='bbox 334 2173 526 2227; x_wconf 90' lang='lat' dir='ltr'><strong>tutem</strong></span> <span class='ocrx_word' id='word_1_170' title='bbox 584 2184 750 2228; x_wconf 86' lang='lat' dir='ltr'><strong>suam</strong></span> <span class='ocrx_word' id='word_1_171' title='bbox 798 2165 1067 2248; x_wconf 84' lang='lat' dir='ltr'><strong>exhibet,</strong></span> <span class='ocrx_word' id='word_1_172' title='bbox 1129 2168 1366 2228; x_wconf 88' lang='lat' dir='ltr'><strong>curiose</strong></span> <span class='ocrx_word' id='word_1_173' title='bbox 1422 2168 1751 2228; x_wconf 88' lang='lat' dir='ltr'><strong>institimus</strong></span> <span class='ocrx_word' id='word_1_174' title='bbox 1806 2185 1877 2228; x_wconf 90' lang='lat' dir='ltr'><strong>eo</strong></span> <span class='ocrx_word' id='word_1_175' title='bbox 1937 2170 2151 2249; x_wconf 79' lang='lat' dir='ltr'><strong>magiS,</strong></span> <span class='ocrx_word' id='word_1_176' title='bbox 2207 2167 2366 2247; x_wconf 90' lang='lat' dir='ltr'><strong>quod</strong></span> 
     </span>
     <span class='ocr_line' id='line_1_23' title="bbox 338 2253 2366 2337; baseline 0.001 -22"><span class='ocrx_word' id='word_1_177' title='bbox 338 2253 816 2334; x_wconf 83' lang='lat' dir='ltr'><strong>percipiebamus</strong></span> <span class='ocrx_word' id='word_1_178' title='bbox 863 2256 925 2315; x_wconf 87' lang='lat' dir='ltr'><strong>in</strong></span> <span class='ocrx_word' id='word_1_179' title='bbox 973 2255 1101 2316; x_wconf 89' lang='lat' dir='ltr'><strong>dies</strong></span> <span class='ocrx_word' id='word_1_180' title='bbox 1148 2272 1219 2315; x_wconf 82' lang='lat' dir='ltr'><strong>ex</strong></span> <span class='ocrx_word' id='word_1_181' title='bbox 1267 2274 1382 2316; x_wconf 87' lang='lat' dir='ltr'><strong>usu</strong></span> <span class='ocrx_word' id='word_1_182' title='bbox 1429 2257 1738 2335; x_wconf 80' lang='lat' dir='ltr'><strong>profectus</strong></span> <span class='ocrx_word' id='word_1_183' title='bbox 1782 2258 1940 2337; x_wconf 89' lang='lat' dir='ltr'><strong>eius,</strong></span> <span class='ocrx_word' id='word_1_184' title='bbox 1989 2275 2137 2336; x_wconf 90' lang='lat' dir='ltr'><strong>quos</strong></span> <span class='ocrx_word' id='word_1_185' title='bbox 2183 2257 2366 2317; x_wconf 92' lang='lat' dir='ltr'><strong>inter-</strong></span> 
     </span>
     <span class='ocr_line' id='line_1_24' title="bbox 340 2343 2365 2424; baseline 0.001 -20"><span class='ocrx_word' id='word_1_186' title='bbox 340 2344 481 2405; x_wconf 89' lang='lat' dir='ltr'><strong>dum</strong></span> <span class='ocrx_word' id='word_1_187' title='bbox 539 2361 716 2423; x_wconf 88' lang='lat' dir='ltr'><strong>supra</strong></span> <span class='ocrx_word' id='word_1_188' title='bbox 774 2343 955 2403; x_wconf 86' lang='lat' dir='ltr'><strong>fidem</strong></span> <span class='ocrx_word' id='word_1_189' title='bbox 1022 2352 1198 2424; x_wconf 87' lang='lat' dir='ltr'><strong>atque</strong></span> <span class='ocrx_word' id='word_1_190' title='bbox 1264 2346 1604 2424; x_wconf 84' lang='lat' dir='ltr'><strong>opinionem</strong></span> <span class='ocrx_word' id='word_1_191' title='bbox 1667 2344 2060 2424; x_wconf 82' lang='lat' dir='ltr'><strong>plurimo-rum</strong></span> <span class='ocrx_word' id='word_1_192' title='bbox 2126 2344 2365 2406; x_wconf 87' lang='lat' dir='ltr'><strong>exhibe-</strong></span> 
     </span>
     <span class='ocr_line' id='line_1_25' title="bbox 231 2431 2367 2513; baseline 0.003 -25"><span class='ocrx_word' id='word_1_193' title='bbox 231 2438 303 2488; x_wconf 73' lang='lat'><strong>12</strong></span> <span class='ocrx_word' id='word_1_194' title='bbox 338 2431 564 2494; x_wconf 69' lang='lat' dir='ltr'><strong>hamus</strong></span> <span class='ocrx_word' id='word_1_195' title='bbox 628 2432 743 2493; x_wconf 85' lang='lat' dir='ltr'><strong>Sed</strong></span> <span class='ocrx_word' id='word_1_196' title='bbox 785 2431 926 2511; x_wconf 87' lang='lat' dir='ltr'><strong>quid</strong></span> <span class='ocrx_word' id='word_1_197' title='bbox 965 2432 1120 2494; x_wconf 88' lang='lat' dir='ltr'><strong>ultra</strong></span> <span class='ocrx_word' id='word_1_198' title='bbox 1158 2451 1312 2512; x_wconf 89' lang='lat' dir='ltr'><strong>opus</strong></span> <span class='ocrx_word' id='word_1_199' title='bbox 1354 2441 1447 2494; x_wconf 89' lang='lat' dir='ltr'><strong>est</strong></span> <span class='ocrx_word' id='word_1_200' title='bbox 1474 2433 1728 2513; x_wconf 72' lang='lat' dir='ltr'><strong>probare</strong></span> <span class='ocrx_word' id='word_1_201' title='bbox 1757 2436 2161 2496; x_wconf 86' lang='lat' dir='ltr'><strong>necessarium</strong></span> <span class='ocrx_word' id='word_1_202' title='bbox 2191 2453 2367 2497; x_wconf 88' lang='lat' dir='ltr'><strong>usum</strong></span> 
     </span>
     <span class='ocr_line' id='line_1_26' title="bbox 339 2522 2451 2604; baseline 0 -22"><span class='ocrx_word' id='word_1_203' title='bbox 339 2540 471 2583; x_wconf 89' lang='lat' dir='ltr'><strong>esse</strong></span> <span class='ocrx_word' id='word_1_204' title='bbox 517 2522 1113 2603; x_wconf 83' lang='lat' dir='ltr'><strong>medicamentorum,</strong></span> <span class='ocrx_word' id='word_1_205' title='bbox 1158 2524 1479 2602; x_wconf 86' lang='lat' dir='ltr'><strong>praecipue</strong></span> <span class='ocrx_word' id='word_1_206' title='bbox 1527 2522 1664 2604; x_wconf 88' lang='lat' dir='ltr'><strong>tibi,</strong></span> <span class='ocrx_word' id='word_1_207' title='bbox 1713 2525 1816 2602; x_wconf 90' lang='lat' dir='ltr'><strong>qui</strong></span> <span class='ocrx_word' id='word_1_208' title='bbox 1861 2525 2000 2602; x_wconf 86' lang='lat' dir='ltr'><strong>quia</strong></span> <span class='ocrx_word' id='word_1_209' title='bbox 2043 2525 2369 2604; x_wconf 88' lang='lat' dir='ltr'><strong>percepisti</strong></span> <span class='ocrx_word' id='word_1_210' title='bbox 2394 2541 2451 2583; x_wconf 74' lang='lat'><strong>25</strong></span> 
     </span>
     <span class='ocr_line' id='line_1_27' title="bbox 338 2608 2366 2692; baseline 0.002 -22"><span class='ocrx_word' id='word_1_211' title='bbox 338 2608 657 2671; x_wconf 85' lang='lat' dir='ltr'><strong>utilitatem</strong></span> <span class='ocrx_word' id='word_1_212' title='bbox 724 2628 967 2692; x_wconf 88' lang='lat' dir='ltr'><strong>eorum,</strong></span> <span class='ocrx_word' id='word_1_213' title='bbox 1032 2611 1256 2672; x_wconf 91' lang='lat' dir='ltr'><strong>idcirco</strong></span> <span class='ocrx_word' id='word_1_214' title='bbox 1323 2631 1355 2672; x_wconf 89' lang='lat' dir='ltr'><strong>a</strong></span> <span class='ocrx_word' id='word_1_215' title='bbox 1419 2630 1512 2672; x_wconf 86' lang='lat' dir='ltr'><strong>me</strong></span> <span class='ocrx_word' id='word_1_216' title='bbox 1578 2614 2018 2692; x_wconf 86' lang='lat' dir='ltr'><strong>conpositiones</strong></span> <span class='ocrx_word' id='word_1_217' title='bbox 2085 2613 2366 2692; x_wconf 84' lang='lat' dir='ltr'><strong>quasdam</strong></span> 
     </span>
     <span class='ocr_line' id='line_1_28' title="bbox 335 2696 2366 2781; baseline 0.002 -22"><span class='ocrx_word' id='word_1_218' title='bbox 335 2696 584 2779; x_wconf 81' lang='lat' dir='ltr'><strong>petisti?</strong></span> <span class='ocrx_word' id='word_1_219' title='bbox 666 2699 792 2778; x_wconf 85' lang='lat' dir='ltr'><strong>Ego</strong></span> <span class='ocrx_word' id='word_1_220' title='bbox 839 2707 1037 2761; x_wconf 89' lang='lat' dir='ltr'><strong>autem</strong></span> <span class='ocrx_word' id='word_1_221' title='bbox 1084 2718 1313 2760; x_wconf 88' lang='lat' dir='ltr'><strong>memor</strong></span> <span class='ocrx_word' id='word_1_222' title='bbox 1358 2700 1744 2762; x_wconf 88' lang='lat' dir='ltr'><strong>humanitatis</strong></span> <span class='ocrx_word' id='word_1_223' title='bbox 1789 2710 1926 2763; x_wconf 91' lang='lat' dir='ltr'><strong>tuae</strong></span> <span class='ocrx_word' id='word_1_224' title='bbox 1972 2701 2366 2781; x_wconf 87' lang='lat' dir='ltr'><strong>candorisque</strong></span> 
     </span>
     <span class='ocr_line' id='line_1_29' title="bbox 338 2788 2366 2873; baseline 0.001 -25"><span class='ocrx_word' id='word_1_225' title='bbox 338 2790 519 2849; x_wconf 83' lang='lat' dir='ltr'><strong>animi</strong></span> <span class='ocrx_word' id='word_1_226' title='bbox 575 2790 690 2870; x_wconf 90' lang='lat' dir='ltr'><strong>tui,</strong></span> <span class='ocrx_word' id='word_1_227' title='bbox 748 2806 923 2867; x_wconf 90' lang='lat' dir='ltr'><strong>quem</strong></span> <span class='ocrx_word' id='word_1_228' title='bbox 981 2788 1256 2850; x_wconf 89' lang='lat' dir='ltr'><strong>omnihus</strong></span> <span class='ocrx_word' id='word_1_229' title='bbox 1316 2790 1557 2869; x_wconf 88' lang='lat' dir='ltr'><strong>quidem</strong></span> <span class='ocrx_word' id='word_1_230' title='bbox 1613 2789 1953 2852; x_wconf 88' lang='lat' dir='ltr'><strong>hominihus</strong></span> <span class='ocrx_word' id='word_1_231' title='bbox 2004 2789 2366 2873; x_wconf 86' lang='lat' dir='ltr'><strong>plenissime,</strong></span> 
     </span>
     <span class='ocr_line' id='line_1_30' title="bbox 334 2877 2367 2960; baseline 0.002 -23"><span class='ocrx_word' id='word_1_232' title='bbox 334 2877 483 2937; x_wconf 84' lang='lat' dir='ltr'><strong>mihi</strong></span> <span class='ocrx_word' id='word_1_233' title='bbox 520 2880 695 2938; x_wconf 90' lang='lat' dir='ltr'><strong>etiam</strong></span> <span class='ocrx_word' id='word_1_234' title='bbox 734 2877 1117 2956; x_wconf 89' lang='lat' dir='ltr'><strong>peculiariter</strong></span> <span class='ocrx_word' id='word_1_235' title='bbox 1153 2887 1438 2960; x_wconf 79' lang='lat' dir='ltr'><strong>praestaS,</strong></span> <span class='ocrx_word' id='word_1_236' title='bbox 1486 2897 1605 2939; x_wconf 89' lang='lat' dir='ltr'><strong>non</strong></span> <span class='ocrx_word' id='word_1_237' title='bbox 1643 2879 1834 2940; x_wconf 90' lang='lat' dir='ltr'><strong>solum</strong></span> <span class='ocrx_word' id='word_1_238' title='bbox 1872 2898 2022 2959; x_wconf 87' lang='lat' dir='ltr'><strong>quae</strong></span> <span class='ocrx_word' id='word_1_239' title='bbox 2063 2880 2367 2942; x_wconf 89' lang='lat' dir='ltr'><strong>desideras</strong></span> 
     </span>
     <span class='ocr_line' id='line_1_31' title="bbox 335 2966 2449 3049; baseline 0.002 -23"><span class='ocrx_word' id='word_1_240' title='bbox 335 2966 616 3049; x_wconf 85' lang='lat' dir='ltr'><strong>remedia,</strong></span> <span class='ocrx_word' id='word_1_241' title='bbox 662 2984 870 3027; x_wconf 87' lang='lat' dir='ltr'><strong>verum</strong></span> <span class='ocrx_word' id='word_1_242' title='bbox 918 2968 1094 3027; x_wconf 90' lang='lat' dir='ltr'><strong>etiam</strong></span> <span class='ocrx_word' id='word_1_243' title='bbox 1143 2969 1195 3027; x_wconf 89' lang='lat' dir='ltr'><strong>si</strong></span> <span class='ocrx_word' id='word_1_244' title='bbox 1241 2986 1358 3046; x_wconf 91' lang='lat' dir='ltr'><strong>qua</strong></span> <span class='ocrx_word' id='word_1_245' title='bbox 1405 2967 1514 3028; x_wconf 91' lang='lat' dir='ltr'><strong>alia</strong></span> <span class='ocrx_word' id='word_1_246' title='bbox 1554 2968 1626 3028; x_wconf 91' lang='lat' dir='ltr'><strong>de</strong></span> <span class='ocrx_word' id='word_1_247' title='bbox 1665 2971 1926 3048; x_wconf 88' lang='lat' dir='ltr'><strong>expertis</strong></span> <span class='ocrx_word' id='word_1_248' title='bbox 1965 2971 2026 3029; x_wconf 92' lang='lat' dir='ltr'><strong>in</strong></span> <span class='ocrx_word' id='word_1_249' title='bbox 2063 2971 2369 3048; x_wconf 88' lang='lat' dir='ltr'><strong>praesenti</strong></span> <span class='ocrx_word' id='word_1_250' title='bbox 2394 2991 2449 3032; x_wconf 83' lang='lat'><strong>30</strong></span> 
     </span>
    </p>
   </div>
   <div class='ocr_carea' id='block_1_3' title="bbox 327 3172 2365 3526">
    <p class='ocr_par' dir='ltr' id='par_1_3' title="bbox 327 3172 2365 3526">
     <span class='ocr_line' id='line_1_32' title="bbox 475 3172 2360 3248; baseline 0.004 -23"><span class='ocrx_word' id='word_1_251' title='bbox 475 3176 506 3225; x_wconf 89' lang='lat'><strong>3</strong></span> <span class='ocrx_word' id='word_1_252' title='bbox 546 3172 615 3226; x_wconf 89' lang='lat' dir='ltr'><strong>de</strong></span> <span class='ocrx_word' id='word_1_253' title='bbox 651 3172 748 3244; x_wconf 89' lang='lat' dir='ltr'><strong>iis]</strong></span> <span class='ocrx_word' id='word_1_254' title='bbox 799 3172 904 3227; x_wconf 80' lang='lat' dir='ltr'><strong>diis</strong></span> <span class='ocrx_word' id='word_1_255' title='bbox 946 3177 979 3226; x_wconf 90' lang='lat'><strong><em>1</em></strong></span> <span class='ocrx_word' id='word_1_256' title='bbox 989 3190 1042 3227; x_wconf 84' lang='lat' dir='ltr'><strong>m</strong></span> <span class='ocrx_word' id='word_1_257' title='bbox 1079 3175 1263 3229; x_wconf 82' lang='lat' dir='ltr'><strong>littera</strong></span> <span class='ocrx_word' id='word_1_258' title='bbox 1299 3175 1337 3228; x_wconf 88' lang='lat' dir='ltr'>h</span> <span class='ocrx_word' id='word_1_259' title='bbox 1373 3191 1547 3243; x_wconf 75' lang='lat' dir='ltr'><strong>supra</strong></span> <span class='ocrx_word' id='word_1_260' title='bbox 1582 3176 1804 3246; x_wconf 78' lang='lat' dir='ltr'><strong>scripta.</strong></span> <span class='ocrx_word' id='word_1_261' title='bbox 2001 3182 2032 3231; x_wconf 88' lang='grc'>6</span> <span class='ocrx_word' id='word_1_262' title='bbox 2070 3175 2360 3248; x_wconf 85' lang='lat' dir='ltr'><strong>idemque]</strong></span> 
     </span>
     <span class='ocr_line' id='line_1_33' title="bbox 331 3243 2361 3316; baseline 0.003 -20"><span class='ocrx_word' id='word_1_263' title='bbox 331 3246 390 3297; x_wconf 84' lang='lat' dir='ltr'><strong>et</strong></span> <span class='ocrx_word' id='word_1_264' title='bbox 424 3243 484 3297; x_wconf 89' lang='lat' dir='ltr'><strong>in</strong></span> <span class='ocrx_word' id='word_1_265' title='bbox 523 3260 649 3311; x_wconf 81' lang='lat' dir='ltr'><strong>que.</strong></span> <span class='ocrx_word' id='word_1_266' title='bbox 852 3243 1150 3314; x_wconf 78' lang='lat' dir='ltr'><strong>dignitatis</strong></span> <span class='ocrx_word' id='word_1_267' title='bbox 1195 3262 1245 3300; x_wconf 89' lang='lat' dir='ltr'><strong>a.</strong></span> <span class='ocrx_word' id='word_1_268' title='bbox 1282 3244 1562 3301; x_wconf 72' lang='lat' dir='ltr'><strong>utilitatis.</strong></span> <span class='ocrx_word' id='word_1_269' title='bbox 1760 3252 1790 3302; x_wconf 88' lang='lat'><strong>&#39;¹1</strong></span> <span class='ocrx_word' id='word_1_270' title='bbox 1826 3251 1950 3316; x_wconf 77' lang='lat' dir='ltr'><strong>post</strong></span> <span class='ocrx_word' id='word_1_271' title='bbox 1981 3246 2208 3302; x_wconf 85' lang='lat' dir='ltr'><strong>videtur</strong></span> <span class='ocrx_word' id='word_1_272' title='bbox 2244 3249 2361 3304; x_wconf 82' lang='lat' dir='ltr'><strong>cod.</strong></span> 
     </span>
     <span class='ocr_line' id='line_1_34' title="bbox 330 3313 2365 3389; baseline 0.002 -21"><span class='ocrx_word' id='word_1_273' title='bbox 330 3316 457 3369; x_wconf 81' lang='lat' dir='ltr'><strong>add.</strong></span> <span class='ocrx_word' id='word_1_274' title='bbox 497 3313 743 3384; x_wconf 72' lang='lat' dir='ltr'><strong>utilitas,</strong></span> <span class='ocrx_word' id='word_1_275' title='bbox 796 3315 1098 3371; x_wconf 73' lang='lat' dir='ltr'><strong>Carnarius</strong></span> <span class='ocrx_word' id='word_1_276' title='bbox 1133 3316 1466 3385; x_wconf 80' lang='lat' dir='ltr'><strong>aequalitas.</strong></span> <span class='ocrx_word' id='word_1_277' title='bbox 1675 3318 1780 3389; x_wconf 87' lang='lat' dir='ltr'><strong>sic]</strong></span> <span class='ocrx_word' id='word_1_278' title='bbox 1820 3317 1936 3373; x_wconf 83' lang='lat' dir='ltr'><strong>sed.</strong></span> <span class='ocrx_word' id='word_1_279' title='bbox 2135 3325 2168 3375; x_wconf 88' lang='lat'>8</span> <span class='ocrx_word' id='word_1_280' title='bbox 2205 3319 2365 3375; x_wconf 79' lang='lat' dir='ltr'><strong>volet</strong></span> 
     </span>
     <span class='ocr_line' id='line_1_35' title="bbox 331 3385 2364 3459; baseline 0.002 -19"><span class='ocrx_word' id='word_1_281' title='bbox 331 3391 433 3441; x_wconf 75' lang='lat' dir='ltr'><strong>Im</strong></span> <span class='ocrx_word' id='word_1_282' title='bbox 478 3385 599 3441; x_wconf 82' lang='lat' dir='ltr'><strong>vult</strong></span> <span class='ocrx_word' id='word_1_283' title='bbox 636 3393 755 3443; x_wconf 79' lang='lat' dir='ltr'><strong>2m.</strong></span> <span class='ocrx_word' id='word_1_284' title='bbox 1003 3392 1068 3441; x_wconf 79' lang='lat'><strong>15</strong></span> <span class='ocrx_word' id='word_1_285' title='bbox 1114 3388 1329 3443; x_wconf 87' lang='lat' dir='ltr'><strong>medios</strong></span> <span class='ocrx_word' id='word_1_286' title='bbox 1376 3388 1553 3445; x_wconf 83' lang='lat' dir='ltr'><strong>fidios.</strong></span> <span class='ocrx_word' id='word_1_287' title='bbox 1791 3395 1859 3445; x_wconf 88' lang='lat'><strong>18</strong></span> <span class='ocrx_word' id='word_1_288' title='bbox 1908 3388 2225 3459; x_wconf 85' lang='lat' dir='ltr'><strong>reciperare</strong></span> <span class='ocrx_word' id='word_1_289' title='bbox 2265 3395 2364 3445; x_wconf 89' lang='lat' dir='ltr'><strong>1m</strong></span> 
     </span>
     <span class='ocr_line' id='line_1_36' title="bbox 327 3458 2362 3526; baseline 0.003 -16"><span class='ocrx_word' id='word_1_290' title='bbox 327 3473 658 3526; x_wconf 85' lang='lat' dir='ltr'><strong>recuperare</strong></span> <span class='ocrx_word' id='word_1_291' title='bbox 722 3464 840 3515; x_wconf 77' lang='lat' dir='ltr'><strong>2m.</strong></span> <span class='ocrx_word' id='word_1_292' title='bbox 1060 3465 1125 3513; x_wconf 83' lang='lat'><strong>19</strong></span> <span class='ocrx_word' id='word_1_293' title='bbox 1191 3458 1577 3515; x_wconf 84' lang='lat' dir='ltr'><strong>valetudinem</strong></span> <span class='ocrx_word' id='word_1_294' title='bbox 1641 3465 1743 3515; x_wconf 76' lang='lat' dir='ltr'><strong>Im</strong></span> <span class='ocrx_word' id='word_1_295' title='bbox 1805 3459 2172 3516; x_wconf 83' lang='lat' dir='ltr'><strong>valitudinem</strong></span> <span class='ocrx_word' id='word_1_296' title='bbox 2238 3466 2362 3518; x_wconf 77' lang='lat' dir='ltr'><strong>2m.</strong></span> 
     </span>
    </p>
   </div>
   <div class='ocr_carea' id='block_1_4' title="bbox 327 3527 2365 3668">
    <p class='ocr_par' dir='ltr' id='par_1_4' title="bbox 327 3527 2365 3668">
     <span class='ocr_line' id='line_1_37' title="bbox 328 3527 2365 3657; baseline 0.003 -76"><span class='ocrx_word' id='word_1_297' title='bbox 328 3534 394 3581; x_wconf 83' lang='lat'><strong>21</strong></span> <span class='ocrx_word' id='word_1_298' title='bbox 433 3527 740 3657; x_wconf 39' lang='lat' dir='ltr'><strong>ins‘gitimus</strong></span> <span class='ocrx_word' id='word_1_299' title='bbox 785 3535 884 3584; x_wconf 86' lang='lat' dir='ltr'><strong>1m</strong></span> <span class='ocrx_word' id='word_1_300' title='bbox 927 3527 1276 3584; x_wconf 73' lang='lat' dir='ltr'><strong>instituimus</strong></span> <span class='ocrx_word' id='word_1_301' title='bbox 1314 3536 1432 3587; x_wconf 83' lang='lat' dir='ltr'><strong>2m.</strong></span> <span class='ocrx_word' id='word_1_302' title='bbox 1614 3548 1678 3587; x_wconf 88' lang='lat' dir='ltr'><strong>eo</strong></span> <span class='ocrx_word' id='word_1_303' title='bbox 1726 3548 1828 3588; x_wconf 91' lang='lat' dir='ltr'><strong>om.</strong></span> <span class='ocrx_word' id='word_1_304' title='bbox 2012 3537 2080 3587; x_wconf 81' lang='lat'><strong>25</strong></span> <span class='ocrx_word' id='word_1_305' title='bbox 2128 3532 2226 3602; x_wconf 89' lang='lat' dir='ltr'><strong>qui</strong></span> <span class='ocrx_word' id='word_1_306' title='bbox 2262 3538 2365 3587; x_wconf 75' lang='lat' dir='ltr'><strong>Im</strong></span> 
     </span>
     <span class='ocr_line' id='line_1_38' title="bbox 327 3616 627 3668; baseline 0.01 -15"><span class='ocrx_word' id='word_1_307' title='bbox 327 3616 472 3668; x_wconf 87' lang='lat' dir='ltr'><strong>quae</strong></span> <span class='ocrx_word' id='word_1_308' title='bbox 559 3618 627 3656; x_wconf 89' lang='lat' dir='ltr'><strong>m.</strong></span> 
     </span>
    </p>
   </div>
  </div>
 </body>
</html>
