2575 4092
1016 208 1322 309 —367
1420 244 1496 254 -

239 369 494 429 mixtum
542 375 603 429 et
648 373 1142 448 concorporatum
1189 371 1411 432 videris
1457 372 1840 453 medicamen,
1886 370 1961 432 ab
2000 374 2137 450 igne
2176 390 2268 432 re·

241 455 508 518 movebis
572 464 634 518 et
687 459 890 518 mittes
944 461 1006 518 in
1061 459 1240 538 pilam
1295 459 1549 538 ligneam
1605 468 1782 540 atque
1828 459 1949 521 illic
1998 467 2116 521 tam
2164 459 2268 521 diu

240 547 499 626 battueS,
546 546 736 607 donec
784 548 863 607 sit
909 546 1412 630 subactissimum,
1457 557 1518 609 et
1563 567 1700 610 cum
1748 568 1820 609 ex
1867 567 1937 609 eo
1983 548 2268 627 malagma

241 636 441 695 facere
487 634 765 714 volueriS,
812 634 942 695 oleo
986 653 1198 697 manus
1245 655 1543 717 perunges
1591 645 1652 699 et
1686 639 1767 698 ita
1810 637 2121 698 inductum
2159 636 2269 697 lin·

183 741 213 782 5
243 732 345 785 teo
393 722 578 783 denso
624 723 718 784 vel
761 722 1076 801 phoenicio
1122 725 1377 803 pedibus
1422 726 1701 806 adpones,

423 811 706 890 Malagma
762 815 884 873 sive
939 831 1192 892 acopum
1252 814 1323 874 ad
1389 814 1708 893 podagram
1773 815 2270 894 efficacissimum,
2306 826 2343 875 5

246 899 406 980 quod
460 917 668 961 mense
719 901 988 980 Augusto
1044 903 1176 963 fieri
1231 902 1435 964 debet:
1498 902 1750 964 Resinae
1807 903 2015 963 frictae
2070 902 2268 982 pondo

243 992 377 1069 tria,
426 1007 597 1050 cerae
633 988 696 1049 P.
735 988 827 1070 VI,
873 989 991 1050 olei
1028 992 1246 1051 veteris
1283 990 1349 1052 P.
1388 999 1540 1072 octo,
1587 991 1821 1070 galbani
1858 992 2064 1052 uncias
2103 999 2270 1069 quat-

243 1086 410 1158 tuor,
474 1080 598 1157 opii
659 1080 866 1139 uncias
922 1086 1229 1159 quattuor,
1295 1083 1652 1160 opopanacis
1708 1082 1913 1140 uncias
1971 1087 2269 1161 quattuor,

154 1188 211 1228 10
243 1167 547 1244 aeruginis
594 1168 800 1227 uncias
847 1184 976 1247 sex,
1024 1175 1224 1245 guttae
1272 1171 1668 1230 ammoniacae
1714 1170 1923 1230 uncias
1971 1176 2270 1249 quattuor,

111 1249 117 1252 ’
243 1255 437 1334 adipis
483 1254 754 1315 leoninae
800 1258 1007 1316 uncias
1056 1264 1354 1337 quattuor,
1401 1256 1590 1336 adipis
1636 1257 2013 1336 leopardinae
2063 1258 2268 1317 uncias

245 1351 547 1425 quattuor,
580 1342 771 1422 adipis
798 1346 1109 1404 taxoninae
1141 1347 1347 1405 uncias
1375 1344 1475 1425 Ill,
1504 1345 1692 1424 adipis
1721 1347 2029 1406 anserinae
2060 1346 2268 1405 uncias

242 1442 390 1513 tres,
428 1434 554 1492 sevi
591 1434 814 1492 taurini
850 1431 913 1494 P.
952 1431 995 1512 l,
1042 1432 1261 1493 radicis
1309 1432 1530 1494 malvae
1569 1436 1858 1494 erraticae
1897 1435 2103 1494 uncias
2142 1431 2271 1506 1111,

242 1519 464 1581 radicis
511 1522 740 1582 cicutae
787 1523 994 1581 uncias
1041 1529 1341 1600 quattuor,
1387 1521 1606 1582 radicis
1647 1521 1819 1582 ibisci
1858 1523 2063 1582 uncias
2103 1529 2269 1600 quat·

156 1630 215 1671 15
244 1617 411 1689 tuor,
465 1608 684 1670 radicis
730 1611 1068 1670 cucumeris
1114 1612 1393 1690 agrestiS,
1450 1629 1628 1689 quem
1684 1613 1886 1690 sicyon
1932 1611 2139 1687 agrion
2186 1609 2269 1669 di-

244 1706 408 1778 cunt,
445 1699 650 1758 uncias
690 1706 989 1779 quattuor,
1026 1697 1243 1758 radicis
1282 1700 1627 1759 cucurbitae
1666 1698 2023 1759 domesticae
2063 1699 2269 1757 uncias
2302 1709 2315 1720 ‘

245 1793 544 1866 quattuor.
590 1785 873 1847 Infundes
919 1788 1150 1847 radices
1198 1804 1406 1847 omnes
1445 1805 1624 1866 supra
1664 1789 1917 1866 scriptas
1954 1788 2017 1845 in
2056 1803 2269 1865 aquam

243 1875 387 1935 luna
432 1874 799 1955 duodecima,
846 1892 1143 1953 excoques
1188 1874 1327 1935 luna
1376 1876 1769 1955 quindecima,
1815 1878 1896 1936 ita
1937 1881 2005 1935 ut
2041 1874 2113 1934 ad
2152 1883 2269 1935 ter·

243 1966 359 2025 tias
406 1981 719 2044 excoquas,
766 1972 826 2024 et
871 1963 944 2023 de
992 1966 1253 2024 excoctis
1301 1967 1430 2024 suci
1477 1966 1748 2043 expressi
1783 1962 1981 2042 pondo
2022 1962 2140 2023 duo
2178 1962 2272 2022 vel

158 2072 219 2112 so
245 2052 397 2113 duos
445 2053 734 2112 sextarios
780 2051 978 2113 facies,
1061 2050 1476 2131 Opopanacem
1524 2061 1584 2113 et
1630 2054 1832 2130 opium
1881 2049 2158 2112 infundes
2206 2054 2268 2111 in

244 2143 474 2220 vinum,
531 2148 757 2219 guttam
813 2158 954 2201 vero
1005 2143 1429 2201 ammoniacam
1476 2149 1537 2202 et
1581 2140 1894 2220 galbanum
1943 2139 2162 2200 tundes
2210 2147 2270 2199 et

245 2228 460 2289 deinde
498 2228 675 2290 simul
713 2231 907 2289 omnia
945 2231 1235 2308 permixta
1272 2229 1433 2290 lento
1471 2232 1607 2308 igne
1646 2229 1945 2308 decoques
1982 2247 2050 2288 ac
2091 2229 2270 2288 facies

246 2320 416 2397 quasi
462 2327 731 2377 cerotum
780 2327 839 2377 et
887 2320 1074 2377 uteris
1120 2317 1233 2378 hoc
1280 2318 1474 2396 modo,
1521 2326 1590 2379 ut
1626 2318 1840 2379 inlinas
1878 2318 2134 2379 linteum
2171 2316 2270 2377 de·

244 2407 683 2485 licatissimum‚
738 2405 897 2484 quod
953 2408 1082 2466 sine
1128 2423 1275 2484 ruga
1323 2406 1711 2486 amplectatur
1757 2406 1999 2486 pedem3
2056 2405 2270 2466 deinde

136 2513 219 2555 -25
247 2494 488 2555 fasciola
532 2493 743 2555 leviter
787 2493 1075 2574 involveS‚
1134 2494 1208 2554 ad
1262 2494 1377 2555 hoc
1433 2501 1688 2576 tantum,
1743 2513 1844 2575 ne,
1905 2513 2040 2556 cum
2087 2494 2271 2572 pedes

247 2586 311 2643 in
366 2582 521 2643 lecto
576 2585 857 2662 moveris,
909 2581 1220 2643 linteolum
1275 2582 1600 2662 replicetur
1655 2591 1717 2643 et
1770 2583 2137 2643 medicamen
2182 2584 2270 2642 in·

248 2672 420 2732 litum
467 2671 723 2752 decidat3
772 2689 908 2732 nam
945 2674 997 2732 si
1042 2673 1230 2731 artius
1279 2673 1618 2750 strinxeriS,
1664 2674 1834 2731 nervi
1879 2670 2271 2731 offendentur.

249 2759 377 2820 Hoc
414 2777 574 2838 ergo
629 2758 996 2820 medicamen
1042 2768 1102 2820 et
1146 2762 1208 2820 in
1256 2768 1507 2820 accentu
1562 2758 1755 2839 placat
1809 2760 2041 2819 dolores
2094 2767 2154 2818 et
2208 2761 2272 2818 in

251 2848 642 2909 declinatione
689 2848 1000 2909 confirmat
1046 2851 1375 2914 sanitatem,

147 2956 221 2996 -so
428 2935 659 2997 Herbae
708 2936 1003 3016 verbasci,
1061 2955 1210 3015 quae
1258 2935 1592 2998 minoribus
1641 2935 1796 2996 foliis
1852 2943 1972 3016 est,
2033 2937 2271 2996 summi·
2310 2946 2347 2995 6

251 3033 403 3086 tates
458 3032 699 3086 tenerae
756 3043 823 3085 ac
879 3025 1015 3085 folia
1070 3028 1209 3086 trita
1273 3027 1530 3104 inposita
1594 3027 1750 3085 intra
1813 3042 2031 3105 paucas
2096 3023 2273 3085 horas

249 3114 395 3174 adeo
435 3113 729 3174 sedabunt
763 3114 1059 3193 podagrae
1096 3113 1445 3193 molestiam,
1481 3122 1549 3175 ut
1579 3116 1684 3193 qui
1709 3131 1856 3174 usus
1885 3114 2066 3173 fuerit
2095 3115 2273 3173 etiam

248 3201 551 3262 ambulare
598 3203 804 3280 possit.

427 3291 818 3369 Incipientem
882 3290 1202 3369 podagram
1262 3291 1542 3352 discutiet
1596 3289 1870 3351 betarum
1927 3299 2272 3350 exustarum
2311 3303 2345 3352 ’τ

274 3568 313 3622 d
367 3495 894 3636 Αιδάιξῃοίρίθηῦθω
921 3496 1258 3568 podagram]
1288 3497 1357 3565 cf.
1378 3496 1535 3551 Ptin.
1566 3496 1631 3550 de
1656 3495 1788 3550 med.
1809 3493 1906 3563 III,
1938 3500 2004 3548 14
2033 3496 2108 3562 (p.
2140 3489 2280 3547 193¹>

247 3584 274 3621 e
315 3610 327 3624 .
485 3609 498 3622 .
527 3609 539 3621 .
