2575 4092
1054 228 1604 293 .-220—

355 390 784 451 schoenoanthi
821 388 982 470 drag.
1020 390 1145 470 1111,
1183 393 1416 451 resinae
1455 388 1891 451 terebinthinae
1931 386 2088 468 drag.
2127 389 2384 470 XLVIII,

353 478 694 558 nardomyri
722 476 882 558 drag.
911 478 1139 559 LXIIII,
1178 499 1251 540 ex
1291 498 1408 559 quo
1447 487 1716 540 cerotum
1755 478 1936 538 facies
1978 479 2225 540 adiectis
2265 478 2386 539 olei

353 570 512 628 rosei
566 568 727 646 drag.
762 568 967 650 LXVI,
1023 587 1195 629 cerae
1240 567 1522 629 Ponticae
1571 564 1731 645 drag.
1771 565 2084 648 CXXVIII,
2138 566 2385 646 opobal-

354 659 501 716 sami
548 655 708 736 drag.
745 657 891 718 XVI.
963 657 1122 718 Haec
1169 659 1365 718 omnia
1401 664 1575 718 tunsa
1614 655 1872 716 cribrata
1909 665 1971 716 et
2006 666 2204 716 cetera
2242 657 2385 716 vino

352 746 576 824 optimo
631 746 955 808 madefacta
1011 745 1189 807 simul
1242 747 1309 806 in
1364 747 1645 807 mortario
1701 744 1968 825 colligeS,
2027 763 2099 804 ex
2156 744 2385 824 quibus
2412 766 2448 808 ⁵

352 833 636 895 trochisci
682 836 775 895 vel
819 834 1105 914 magdalia
1150 835 1324 915 fient3
1379 841 1583 894 ceroto
1639 852 1780 893 vero
1836 833 1989 893 facto
2046 833 2139 893 vel
2184 832 2388 912 pulvis

353 941 533 1002 supra
581 925 841 1003 scriptus
889 924 980 984 vel
1025 931 1293 984 ramenta
1339 925 1684 984 miscentur.

1180 1116 1340 1180 CAP.
1387 1115 1542 1177 XXI.

474 1228 708 1284 cordis
753 1228 974 1283 dolori
1018 1231 1090 1283 et
1133 1241 1335 1284 coreo
1384 1233 1455 1283 et
1498 1228 1915 1298 praecordiis
1961 1226 2267 1283 remedia

653 1316 1082 1373 rationabilia
1127 1317 1397 1373 diversa
1444 1318 1529 1372 de
1577 1316 2077 1386 experimentis.

530 1449 1025 1513 Praecordiorum
1062 1453 1327 1514 dolorem
1368 1452 1547 1513 catuli
1576 1452 1862 1512 lactantes
1890 1451 2113 1512 admoti
2139 1453 2391 1512 visceri-

351 1538 465 1600 bus
511 1539 786 1601 humanis
833 1542 1158 1602 transferre
1204 1544 1267 1601 in
1312 1560 1376 1602 se
1420 1541 1781 1601 adseruntur
1818 1540 1996 1619 idque
2036 1541 2392 1601 exinteratis

351 1628 732 1708 perfusisque
787 1632 924 1690 vino
983 1630 1453 1709 deprehenditur
1510 1631 1727 1690 vitiatis
1772 1646 1982 1689 eorum
2028 1628 2388 1690 visceribus.
2416 1651 2472 1689 10

528 1717 615 1778 Ad
663 1737 906 1779 corcum
954 1737 1210 1779 carmen.
1276 1717 1346 1779 In
1391 1718 1621 1778 lamella
1658 1725 1900 1796 stagnea
1943 1716 2172 1777 scribes
2210 1725 2271 1778 et
2313 1718 2393 1778 ad

355 1804 573 1867 collum
620 1807 950 1886 suspendes
996 1808 1170 1868 haec:
1216 1807 1370 1867 Ante
1417 1825 1562 1867 cane
1609 1824 1792 1867 corcu
1839 1823 1952 1866 nec
1988 1807 2208 1884 megito
2247 1824 2393 1867 can-

350 1901 544 1954 torem
601 1902 669 1956 ut
724 1914 792 1955 os
848 1904 914 1957 ut
972 1914 1038 1955 os
1096 1904 1162 1957 ut
1217 1914 1312 1973 os3
1376 1894 1741 1975 praeparabo
1803 1893 1915 1954 tibi
1968 1896 2172 1954 vinum
2235 1893 2393 1975 leve,

351 1981 678 2063 libidinem,
711 1984 948 2045 discede
989 1985 1288 2063 anonnita,
1328 1986 1390 2044 in
1428 1985 1666 2044 nomine
1702 1983 1800 2043 dei
1828 1982 2020 2063 Iacob,
2048 1985 2109 2042 in
2139 1985 2391 2044 nomine

353 2071 451 2130 dei
480 2071 754 2133 Sabaoth.
802 2072 950 2132 Item
979 2072 1051 2132 ad
1079 2073 1140 2132 id
1171 2073 1330 2134 aliud
1361 2091 1627 2134 carmen:
1657 2071 1843 2133 Corce
1875 2072 2126 2132 corcedo
2156 2078 2393 2154 stagne,
2421 2094 2471 2135 ιε»

351 2167 624 2237 pastores
662 2168 721 2220 te
759 2162 1133 2240 invenerunt,
1171 2164 1299 2221 sine
1336 2161 1611 2222 manibus
1649 2159 2034 2239 collegerunt,
2080 2161 2209 2220 sine
2248 2160 2392 2222 foco

353 2254 660 2326 coxerunt,
698 2250 826 2308 sine
865 2248 1145 2309 dentibus
1174 2250 1578 2311 comederunt.
1631 2248 1779 2309 Tres
1807 2250 2066 2327 virgines
2095 2250 2155 2309 in
2185 2250 2392 2310 medio

351 2337 503 2395 mari
547 2353 811 2396 mensam
861 2355 1253 2397 marmoream
1290 2341 1542 2419 positam
1587 2337 1901 2418 habebant,
1947 2337 2099 2397 duae
2141 2343 2392 2415 torque·

350 2422 497 2483 bant
542 2432 602 2484 et
648 2443 764 2485 una
811 2425 1225 2506 retorquebat3
1282 2428 1578 2507 quomodo
1625 2426 1739 2487 hoc
1786 2443 2109 2505 numquam
2157 2425 2393 2487 factum

353 2520 460 2594 est,
508 2515 595 2573 sic
641 2532 967 2592 numquam
1014 2516 1162 2575 sciat
1205 2514 1303 2575 illa
1352 2515 1492 2575 Gaia
1540 2514 1673 2575 Seia
1720 2517 1883 2575 corci
1930 2514 2210 2574 dolorem.
2417 2538 2469 2577 20

530 2601 616 2662 Ad
655 2603 854 2662 cordis
891 2601 1154 2663 dolorem
1195 2604 1298 2669 vel,
1325 2604 1397 2664 ad
1437 2622 1557 2684 eoS,
1604 2605 1709 2682 qui
1751 2602 2062 2664 lumbricis
2098 2604 2160 2663 in
2199 2604 2392 2664 corde

350 2697 664 2751 vexantur:
735 2692 965 2770 Aquam
1020 2691 1244 2752 malvae
1303 2710 1437 2753 cum
1494 2691 1667 2752 melle
1721 2693 1854 2770 pari
1907 2709 2189 2753 mensura
2247 2710 2390 2770 per-

351 2780 595 2839 mixtam
640 2779 900 2858 tepidam
946 2781 1133 2841 ieiuni
1177 2779 1401 2841 bibant.
1475 2781 1562 2840 Ad
1610 2780 1808 2841 cordis
1856 2779 2122 2841 dolorem
2156 2779 2389 2841 herbae

351 2867 759 2948 erythrodani,
816 2868 875 2928 id
933 2876 1026 2928 est
1071 2869 1257 2929 caulis
1303 2871 1620 2950 purpurei,
1678 2868 1794 2930 hoc
1850 2876 1943 2929 est
1986 2870 2229 2950 marini,
2288 2869 2388 2929 vel

350 2955 683 3016 sisimbriae
714 2974 925 3017 sucum
950 2956 1022 3017 ad
1051 2955 1484 3035 plenitudinem
1515 2957 1838 3019 conchulae
1868 2957 2171 3037 oblongae,
2202 2976 2385 3036 quam
2413 2978 2469 3019 25

349 3041 561 3103 Graeci
589 3043 851 3120 tellinen,
891 3044 990 3105 alii
1018 3046 1286 3107 chemam
1321 3064 1559 3107 macran
1588 3055 1817 3127 vocant,
1846 3065 1982 3106 cum
2013 3064 2161 3124 aqua
2191 3045 2385 3107 calida

347 3149 534 3210 prope
581 3140 819 3193 noctem
868 3133 1190 3195 dormitum
1237 3134 1456 3195 vadens
1502 3134 1683 3195 bibat.
1756 3134 1944 3195 Pinus
1989 3134 2198 3195 viridis
2243 3152 2384 3196 acu-

349 3220 517 3281 culae
566 3223 859 3282 contritae
905 3240 977 3282 ex
1027 3224 1160 3282 vino
1199 3225 1425 3302 optimo
1462 3225 1632 3302 potui
1670 3224 1837 3284 datae
1876 3223 2075 3284 cordis
2113 3222 2384 3284 dolorem

347 3309 575 3386 sedant,
622 3312 703 3370 ita
750 3318 817 3371 ut
865 3313 967 3389 qui
1013 3313 1314 3390 potionem
1360 3313 1661 3391 acceperit
1703 3311 2030 3393 pinguibus
2076 3314 2233 3372 escis
2281 3312 2382 3372 ab·

529 3450 555 3498 1
597 3445 988 3515 schynoanthi.
1152 3452 1216 3500 15
1257 3445 1533 3517 Sabaoth]
1575 3447 1817 3502 cabaait.
1974 3452 2042 3501 16
2080 3446 2380 3503 collerunt.

346 3520 416 3569 20
463 3515 740 3588 gaioseia,
786 3518 1014 3573 correxi.
1232 3524 1302 3572 24
1348 3518 1736 3574 erithrodanis.
1970 3523 2040 3573 25
2090 3518 2378 3574 conculae.

347 3590 417 3638 26
454 3586 698 3641 telunen.
819 3588 1125 3661 chemam]
1162 3586 1463 3648 heminam.
