2575 4092
1108 224 1584 288 —270—

222 389 692 468 124prossuvium
748 407 865 448 non
923 390 1198 466 patietur.
1281 386 1520 447 Vessica
1578 390 1812 447 verrina
1868 394 2036 446 cocta
2083 386 2176 448 vel
2222 398 2364 449 usta

325 477 690 539 comedenda
718 484 819 538 aut
846 476 1102 537 bibenda
1132 477 1454 537 efficaciter
1484 475 1659 537 datur
1688 478 1760 556 ei,
1790 476 1891 555 qui
1921 478 2157 536 urinam
2188 495 2361 538 suam

323 586 442 628 non
490 574 688 646 potest
734 569 1059 627 continere.

220 669 320 718 125
501 655 751 735 Leporis
799 654 1161 716 cerebellum
1207 673 1277 714 ex
1317 656 1453 714 vino
1491 661 1700 732 potum
1737 655 1945 714 urinae
1983 655 2361 716 incontinen-

324 747 469 805 tiam
513 745 803 825 refrenat3
851 744 1119 805 eiusdem
1164 741 1429 804 testiculi
1473 743 1784 803 torrefacti
1830 750 1890 803 et
1936 760 2009 802 ex
2051 745 2189 803 vino
2227 747 2357 823 poti
2386 758 2412 795 5

220 846 443 913 126par
481 834 812 895 remedium
851 832 1220 894 summeiulis
1258 838 1578 911 praestant.
1642 831 1883 910 Ungues
1914 834 2126 910 apruni
2158 836 2358 894 exusti

323 925 570 1004 tritique
626 926 689 983 in
735 924 974 1002 potione
1024 924 1247 1001 sumpti
1294 921 1618 981 efficaciter
1664 920 2033 981 summeiulis
2080 932 2358 1000 prosunt.

218 1024 318 1073 127
333 1012 449 1084 Qui
494 1014 726 1073 urinam
780 1019 986 1072 tenere
1024 1029 1144 1072 non
1179 1012 1421 1090 poterit,
1460 1027 1673 1087 caprae
1711 1011 2001 1070 vessicam
2038 1010 2359 1073 comburat

218 1110 393 1163 128et
438 1104 703 1162 cinerem
750 1102 879 1160 eius
925 1118 999 1159 ex
1046 1117 1199 1178 aqua
1244 1117 1383 1160 cum
1419 1100 1541 1158 vini
1579 1101 1819 1178 potione
1858 1098 2039 1159 bibat.
2113 1099 2355 1161 Verrini

322 1190 595 1269 genitalis
649 1191 769 1249 usti
828 1190 1093 1250 cinerem
1139 1187 1347 1249 bibere
1396 1186 1615 1248 debent
1661 1206 1733 1248 ex
1779 1189 1915 1248 vino
1965 1189 2071 1267 qui
2114 1192 2355 1249 urinam
2383 1204 2434 1243 ιο

216 1281 640 1340 129continere
687 1295 807 1337 non
852 1284 1123 1356 possunt.
1187 1277 1255 1336 In
1303 1275 1487 1338 cubili
1533 1279 1697 1337 canis
1733 1279 1969 1337 urinam
2007 1277 2199 1359 faciat,
2248 1281 2356 1357 qui

319 1370 555 1429 urinam
602 1385 721 1427 non
767 1374 968 1445 potest
1013 1367 1349 1446 continere,
1406 1365 1708 1447 dicatque,
1755 1365 1898 1427 dum
1944 1366 2111 1447 facit,
2164 1386 2241 1428 ne
2289 1370 2353 1428 in

321 1455 506 1519 cubili
552 1474 661 1517 suo
709 1458 946 1516 urinam
989 1463 1058 1516 ut
1104 1456 1267 1516 canis
1316 1455 1509 1516 faciat.

216 1558 317 1606 130
497 1545 716 1606 Urinae
753 1547 1031 1624 propriae
1071 1551 1618 1624 quantumcumque
1655 1545 1952 1623 ignoranti
1994 1545 2351 1605 summeiulo

320 1636 643 1697 efficaciter
697 1635 947 1696 offertur
1000 1634 1092 1694 vel
1148 1652 1273 1713 reS‚
1331 1651 1479 1712 quas
1526 1635 1949 1716 conminxerit,
1994 1635 2057 1693 in
2106 1636 2351 1714 potione
2381 1648 2431 1687 15

318 1726 736 1803 exprimuntur
791 1731 895 1784 aut
948 1722 1171 1784 ibidem
1228 1722 1542 1783 diluuntur
1599 1730 1661 1783 et
1714 1725 1798 1783 ita
1858 1724 1916 1782 ei
1974 1724 2163 1783 inscio
2220 1725 2352 1803 ipsa

315 1814 478 1892 potio
526 1815 896 1891 propinatur.

212 1913 312 1961 131
494 1901 727 1962 Vitrum
773 1910 934 1963 teres
980 1900 1298 1980 diligenter
1354 1907 1413 1960 et
1459 1918 1594 1961 cum
1640 1902 1774 1980 pice
1822 1900 2020 1961 cedria
2068 1900 2350 1962 miscebis

316 1999 492 2070 atque
530 1993 614 2051 ita
650 1990 917 2051 chartam
952 1992 1244 2069 virginem
1279 1988 1496 2049 inlines
1538 1996 1599 2050 et
1635 1988 1882 2051 renibus
1909 1989 2187 2071 adpones»,
2229 2008 2349 2069 quo

315 2080 702 2142 medicamine
742 2079 951 2140 diebus
992 2086 1222 2157 septem
1257 2080 1479 2157 iugiter
1516 2096 1664 2138 usus
1702 2096 1881 2139 sanus
1917 2079 2170 2139 firmiter
2207 2081 2348 2141 eriS.
2378 2091 2431 2131 20

210 2180 310 2229 132
491 2168 578 2227 Ad
624 2166 1032 2228 reniculorum
1079 2166 1345 2227 dolorem
1383 2165 1744 2248 observabiS‚
1790 2175 1858 2228 ut
1893 2175 2030 2246 post
2067 2167 2346 2228 balneum

313 2274 554 2336 poscam
601 2256 851 2316 calidam
896 2255 1066 2316 bibas
1113 2274 1222 2334 per
1267 2255 1471 2334 plures
1519 2257 1666 2337 dies,
1711 2264 1773 2317 et
1819 2258 2095 2336 quotiens
2140 2257 2347 2318 dolore

313 2344 727 2423 interpellatus
773 2345 978 2427 fueriS‚
1023 2344 1182 2405 idem
1228 2345 1430 2406 facieS.

207 2446 307 2496 133
489 2433 806 2495 Conditum
862 2434 934 2494 ad
989 2433 1398 2495 reniculorum
1454 2433 1717 2494 dolorem
1774 2434 1866 2494 vel
1920 2434 1991 2494 ad
2048 2433 2345 2495 calculum

312 2524 424 2585 sic:
473 2522 810 2602 Saxifragae
860 2556 937 2567 —
981 2522 1033 2605 1,
1080 2525 1414 2583 vettonicae
1461 2557 1545 2565 —
1585 2522 1637 2603 1,
1693 2522 2040 2601 petroselini
2084 2556 2174 2565 —
2212 2523 2238 2582 I
2278 2523 2340 2604 S,
2372 2536 2424 2576 25

311 2613 431 2690 apii
477 2614 720 2673 seminis
766 2646 855 2657 —
892 2612 945 2693 1,
991 2619 1160 2673 rutae
1207 2613 1453 2673 seminis
1501 2605 1581 2698 ᾀ-
1621 2610 1821 2692 xvlll,
1871 2613 2096 2691 piperis
2142 2646 2233 2655 --
2268 2611 2342 2693 ΙΙ,

308 2702 430 2761 vini
486 2703 696 2779 optimi
750 2699 812 2762 θ
868 2701 1002 2783 XII,
1057 2701 1249 2762 mellis
1305 2702 1514 2780 optimi
1567 2701 1632 2763 P.
1689 2699 1752 2760 V.
1844 2700 2084 2761 Tundes
2143 2703 2342 2762 omnia

310 2797 487 2869 atque
553 2789 845 2852 cribrabis
921 2799 981 2852 et
1044 2791 1376 2870 conditum,
1453 2808 1590 2851 cum
1662 2792 1926 2868 exegerit
1991 2793 2341 2870 necessitaS‚

308 2880 490 2940 facies
547 2897 763 2958 eoque,
818 2878 925 2941 ubi
978 2879 1385 2941 reniculorum
1441 2877 1611 2938 dolor
1660 2887 1763 2939 aut
1807 2877 2077 2939 molestia
2127 2878 2341 2940 calculi

310 2967 505 3048 fuerit,
553 2970 759 3029 uteris,
1731 2985 1735 2989 ·
2368 2980 2421 3020 80

201 3069 306 3119 134
487 3055 851 3136 Saxifragam
887 3056 1151 3137 herbam,
1186 3057 1604 3134 petrosilinum
1638 3055 2105 3137 Macedonicum,
2146 3059 2339 3138 piper,

305 3144 447 3228 mel,
493 3147 724 3207 vinum:
772 3166 844 3207 ex
890 3146 984 3207 his
1031 3145 1308 3206 omnibus
1355 3145 1661 3207 conditum
1706 3146 1889 3206 facies
1937 3153 1996 3206 et
2042 3145 2338 3207 laboranti

307 3234 601 3296 calculoso
639 3254 749 3315 per
787 3234 1049 3314 singulas
1087 3237 1446 3313 septimanas
1483 3237 1786 3315 potionem
1820 3234 1978 3295 Iovis
2015 3235 2112 3296 die
2148 3235 2336 3297 dabis·

304 3323 683 3385 Conficienda
729 3332 927 3386 autem
971 3325 1133 3403 potio
1182 3324 1277 3385 die
1324 3324 1478 3385 Iovis
1523 3324 1663 3385 luna
1706 3331 1906 3385 vetere
1953 3327 2084 3386 erit.

483 3537 514 3585 8
553 3532 865 3586 cumburat.
1076 3537 1142 3588 18
1180 3531 1392 3603 cedria]
1430 3531 1604 3586 ebria.
1805 3536 1873 3585 23
1910 3530 2086 3603 idem]
2126 3531 2188 3587 id
2226 3534 2335 3589 est.

303 3603 371 3652 29
410 3600 530 3671 ubi]
568 3600 665 3657 ibi.
811 3610 879 3658 30
915 3602 1103 3657 uterit.
1250 3609 1317 3657 33
1356 3602 1639 3672 septimas.
