2575 4092
1045 205 1520 272 —265—

261 370 572 433 Confectio
619 377 816 430 autem
864 370 1132 432 universi
1176 369 1588 432 medicaminis
1624 368 1770 431 haec
1808 381 1927 432 est:
1976 369 2295 450 Sanguinis

258 460 442 521 huius
487 459 645 520 hirci
689 491 773 501 —
812 456 919 539 111,
978 460 1206 538 piperis
1251 457 1372 520 albi
1421 491 1497 502 -
1540 457 1591 539 1,
1646 458 1848 539 polypi
1892 462 2090 520 exusti
2134 462 2292 522 cine-

261 551 349 609 ris
385 581 468 593 —
500 546 598 629 111,
634 547 826 627 thymi
859 580 948 591 —
1002 595 1021 629 ,
1066 546 1228 628 pulei
1264 581 1343 591 —
1376 546 1420 628 Ι,
1458 549 1577 626 apii
1616 549 1860 609 seminis
1902 581 1979 592 —
2012 548 2055 630 1,
2093 558 2295 628 petro-

262 637 426 699 silini
468 636 838 722 Macedonici
880 668 970 679 --
1006 635 1051 716 1,
1096 638 1343 697 seminis
1389 635 1618 699 olisatri
1668 669 1745 680 —
1778 635 1822 697 1.
1896 637 2055 700 Haec
2095 641 2294 702 omnia

203 744 232 786 5
262 728 583 807 separatim
626 733 804 787 tunsa
860 733 923 786 et
967 725 1041 787 ad
1086 725 1453 787 levissimum
1497 724 1805 805 pulverem
1850 727 2090 789 redacta
2136 746 2294 789 com·

260 818 482 877 misces
528 823 588 877 et
633 813 803 877 dabis
847 814 1104 896 infirmo,
1147 814 1364 876 melius
1412 815 1464 875 si
1510 814 1606 875 die
1651 813 1809 875 Solis
1854 823 1958 876 aut
1992 814 2148 877 Iovis
2195 835 2292 878 co-

262 904 463 966 cliaris
506 921 850 966 mensuram
894 905 958 965 in
1002 906 1156 964 meri
1200 905 1443 983 potione
1490 911 1593 964 aut
1631 905 2064 984 cuiuscumque
2102 904 2294 968 dulcis

260 993 479 1074 poculi.
550 992 871 1054 Providere
918 999 1118 1054 autem
1165 992 1366 1074 debes,
1413 1000 1482 1053 ut
1518 992 1749 1071 digesto
1787 1010 1856 1054 ac
1892 995 2093 1054 ieiuno
2129 997 2293 1073 potio

263 1082 442 1144 detur
487 1089 550 1144 et
592 1099 836 1143 rursum
884 1089 951 1143 ut
995 1081 1202 1142 eadem
1247 1083 1490 1161 potione
1537 1081 1690 1143 bene
1728 1081 1958 1162 digesta
1995 1081 2162 1143 cibos
2198 1101 2294 1144 ac·

180 1189 236 1228 10
265 1173 472 1252 cipiat‚
533 1179 595 1232 et
640 1190 710 1232 eo
755 1169 970 1231 melius
1026 1172 1166 1253 erit,
1223 1173 1274 1231 si
1320 1170 1473 1232 hanc
1520 1172 1824 1249 potionem
1870 1188 2008 1233 cum
2054 1171 2294 1233 condito

261 1268 401 1340 post
446 1259 757 1322 balineum
791 1261 857 1320 in
903 1258 1141 1320 sabanis
1188 1259 1382 1321 adhuc
1430 1262 1793 1322 constitutus
1843 1263 2161 1340 acceperit.

443 1348 635 1429 Supra
675 1350 872 1409 onmia
908 1349 1116 1410 efficax
1155 1347 1314 1409 aliud
1355 1366 1428 1409 ex
1466 1367 1537 1409 eo
1575 1350 1758 1410 facies
1794 1350 2292 1412 medicamentum
2330 1363 2400 1414 96

261 1440 380 1500 sic:
430 1437 684 1518 Sanguis
730 1438 1001 1499 hircinus
1048 1456 1117 1498 ea
1162 1436 1578 1498 observatione
1627 1456 1743 1517 qua
1781 1456 1960 1517 supra
1998 1441 2295 1519 excipitur

259 1529 325 1588 in
371 1526 584 1607 patella
630 1527 824 1587 ferrea
871 1526 1179 1608 candente,
1224 1534 1294 1588 ut
1340 1526 1513 1588 aduri
1559 1529 1750 1606 possit
1794 1534 1855 1587 et
1901 1529 2116 1607 stringi
2158 1546 2295 1589 con·

178 1632 232 1675 15
259 1618 433 1678 tinuo
487 1618 618 1695 ipse
675 1617 942 1697 sanguiS‚
998 1617 1081 1676 ita
1136 1625 1205 1676 ut
1248 1622 1456 1695 postea
1507 1617 1573 1675 in
1618 1614 1924 1695 pulverem
1971 1616 2293 1698 redigatur,

258 1705 353 1765 vel
409 1713 573 1767 certe
629 1706 932 1766 continuis
987 1704 1215 1784 aliquot
1269 1703 1482 1765 diebus
1537 1703 1612 1765 ad
1671 1703 1856 1765 solem
1914 1706 2112 1785 ipsum
2163 1724 2294 1767 san·

259 1795 505 1873 guinem
550 1812 755 1875 pones,
801 1795 886 1854 ita
930 1801 1000 1854 ut
1036 1811 1174 1854 rore
1210 1795 1330 1854 iam
1367 1793 1621 1855 decusso
1658 1799 1796 1872 post
1832 1793 2040 1855 horam
2080 1812 2290 1856 secun-

260 1882 399 1943 dam
442 1901 630 1962 ponas
677 1891 738 1943 et
782 1890 919 1944 ante
966 1899 1183 1943 nonam
1230 1880 1487 1961 colligas.
1561 1881 1957 1962 Posteaquam
1994 1885 2075 1944 ita
2112 1884 2294 1945 fuerit

261 1973 521 2034 siccatus
568 1974 828 2051 sanguia,
872 1979 943 2032 ut
985 1969 1218 2033 nullum
1264 1989 1539 2032 umorem
1575 1969 1810 2053 habeat,
1856 1970 2101 2050 colliges
2139 1974 2293 2034 eius-

174 2077 231 2117 2⁰
260 2060 397 2121 dem
444 2060 741 2121 crustulas
796 2068 857 2121 et
902 2068 1063 2122 teres
1110 2068 1287 2140 atque
1337 2078 1410 2120 ex
1456 2078 1526 2121 eo
1573 2059 1939 2123 levissimum
1987 2060 2293 2141 pulverem

258 2149 524 2231 rediges3
580 2149 793 2211 deinde
855 2151 1113 2230 accipies
1167 2148 1416 2210 herbam
1470 2148 1781 2231 tribolum‚
1844 2151 2017 2212 cuius
2072 2149 2292 2211 herbae

258 2241 460 2318 ipsum
504 2238 812 2319 tribulum,
858 2237 973 2300 hoc
1019 2246 1113 2299 est
1154 2256 1360 2299 semen
1398 2239 1725 2320 spinosum,
1768 2241 2056 2321 proicies3
2102 2242 2293 2320 ipsam

260 2338 460 2389 autem
506 2327 752 2388 herbam
798 2327 1011 2389 lectam
1058 2327 1132 2389 de
1178 2326 1327 2388 locis
1373 2328 1686 2390 maritimis
1743 2327 2022 2408 siccabiS,
2075 2329 2293 2391 tundes

261 2425 323 2477 et
358 2419 422 2478 in
458 2416 765 2497 pulverem
793 2416 1046 2495 redigeS.
1105 2414 1411 2477 Confectio
1441 2415 1640 2477 autem
1670 2416 2080 2478 medicaminis
2108 2419 2293 2479 totius

174 2516 231 2559 2⁶
259 2506 409 2567 haec
466 2512 584 2567 est:
648 2504 882 2567 Herbae
929 2502 1132 2566 triboli
1177 2537 1264 2547 —
1303 2503 1383 2585 11,
1437 2506 1663 2583 piperis
1710 2537 1797 2547 —
1834 2503 1914 2586 Π,
1959 2506 2294 2585 petrosilini

259 2593 630 2656 Macedonici
663 2627 752 2637 —
780 2592 852 2676 11,
898 2594 1024 2654 folii
1069 2592 1372 2674 sertulam,
1417 2592 1479 2653 id
1526 2601 1619 2653 est
1665 2594 1942 2655 coronam
1981 2596 2105 2657 sive
2145 2595 2294 2655 sfae·

258 2702 388 2745 ram
436 2701 633 2760 unam.
697 2683 856 2744 Haec
905 2684 1102 2745 omnia
1149 2683 1468 2762 separatim
1506 2690 1682 2743 tunsa
1721 2691 1782 2743 et
1817 2683 1889 2744 ad
1926 2683 2293 2745 levissimum

258 2772 570 2852 pulverem
615 2772 854 2833 redacta
900 2789 1040 2833 cum
1085 2773 1370 2851 sanguine
1417 2770 1650 2831 hircIno
1699 2771 1977 2833 miscebis
2024 2780 2084 2833 et
2126 2770 2293 2833 dabis

257 2863 499 2922 infirmo
556 2861 652 2923 die
711 2860 867 2922 Solis
922 2867 1027 2921 aut
1078 2860 1232 2921 Iovis
1288 2859 1562 2921 cocliaris
1618 2878 1960 2922 mensuram
2022 2862 2086 2921 in
2142 2863 2294 2920 meri

175 2961 230 3002 ⁸0
259 2952 504 3030 potione
552 2959 655 3011 aut
691 2952 1125 3028 cuiuscumque
1164 2947 1358 3010 dulcis
1394 2948 1661 3029 liquoris.
1737 2948 2055 3011 Providere
2094 2957 2293 3011 autem

259 3039 463 3120 debes,
508 3048 577 3100 ut
623 3039 853 3118 digesto
899 3040 1222 3117 ieiunoque
1269 3039 1433 3116 potio
1481 3037 1683 3120 detur3
1732 3056 1910 3118 quam
1952 3057 2091 3100 cum
2127 3057 2291 3101 acce-

257 3130 420 3208 perit
467 3131 571 3208 qui
614 3127 910 3189 calculum
944 3128 1188 3208 patitur,
1234 3144 1373 3186 mox
1410 3125 1636 3205 lapides
1674 3126 1901 3188 solutos
1939 3146 2145 3188 omnes
2182 3146 2292 3206 per

258 3219 500 3279 urinam
557 3218 806 3278 emittet.
888 3214 969 3276 Ut
1011 3231 1151 3275 vero
1199 3214 1513 3275 admireris
1561 3216 1867 3293 sanguinis
1912 3216 2131 3276 hircini
2176 3217 2291 3275 vir·

447 3376 473 3423 1
533 3369 778 3438 sanguis.
1014 3372 1046 3420 3
1102 3365 1288 3422 thimi.
1525 3397 1593 3409 --
1630 3366 1681 3435 I,
1736 3365 2052 3435 petrosilini
2106 3365 2289 3422 Mace-

257 3439 451 3495 donici
488 3470 557 3481 -
586 3440 636 3507 I,
686 3437 913 3494 seminis
950 3453 1052 3493 om.
1093 3438 1417 3494 Gormrius.
1547 3444 1577 3493 '¹1
1616 3436 1918 3506 potionem.
2042 3444 2075 3493 8
2115 3437 2290 3496 debis.

259 3518 326 3566 11
367 3511 612 3567 balineo.
734 3515 799 3564 13
839 3510 1112 3564 candente
1151 3512 1210 3565 et
1243 3511 1324 3566 ut.
1438 3513 1504 3563 19
1541 3509 1849 3563 humorem.
1960 3515 2028 3564 26
2068 3507 2288 3564 sferam.

257 3588 326 3637 31
370 3582 543 3638 debis.
693 3587 759 3636 32
800 3580 1032 3636 calculo.
