<?xml version="1.0" encoding="UTF-8"?>
<!DOCTYPE html PUBLIC "-//W3C//DTD XHTML 1.0 Transitional//EN"
    "http://www.w3.org/TR/xhtml1/DTD/xhtml1-transitional.dtd">
<html xmlns="http://www.w3.org/1999/xhtml" xml:lang="en" lang="en">
 <head>
  <title>
</title>
<meta http-equiv="Content-Type" content="text/html;charset=utf-8" />
  <meta name='ocr-system' content='tesseract 3.04.00' />
  <meta name='ocr-capabilities' content='ocr_page ocr_carea ocr_par ocr_line ocrx_word'/>
</head>
<body>
  <div class='ocr_page' id='page_1' title='image "./marcellidemedic00unkngoog_0396.png"; bbox 0 0 2575 4092; ppageno 0'>
   <div class='ocr_carea' id='block_1_1' title="bbox 231 389 299 439">
    <p class='ocr_par' dir='ltr' id='par_1_1' title="bbox 231 389 299 439">
     <span class='ocr_line' id='line_1_1' title="bbox 231 389 299 439; baseline -0.015 0"><span class='ocrx_word' id='word_1_1' title='bbox 231 389 299 439; x_wconf 75' lang='lat'><strong>51</strong></span> 
     </span>
    </p>
   </div>
   <div class='ocr_carea' id='block_1_2' title="bbox 221 2862 291 2913">
    <p class='ocr_par' dir='ltr' id='par_1_2' title="bbox 221 2862 291 2913">
     <span class='ocr_line' id='line_1_2' title="bbox 221 2862 291 2913; baseline 0 0"><span class='ocrx_word' id='word_1_2' title='bbox 221 2862 291 2913; x_wconf 74' lang='lat'><strong>52</strong></span> 
     </span>
    </p>
   </div>
   <div class='ocr_carea' id='block_1_3' title="bbox 1113 214 1594 279">
    <p class='ocr_par' dir='ltr' id='par_1_3' title="bbox 1113 214 1594 279">
     <span class='ocr_line' id='line_1_3' title="bbox 1113 214 1594 279; baseline 0.002 -1"><span class='ocrx_word' id='word_1_3' title='bbox 1113 214 1594 279; x_wconf 81' lang='lat'>-376—</span> 
     </span>
    </p>
   </div>
   <div class='ocr_carea' id='block_1_4' title="bbox 323 376 2551 3635">
    <p class='ocr_par' dir='ltr' id='par_1_4' title="bbox 328 376 2551 2845">
     <span class='ocr_line' id='line_1_4' title="bbox 519 376 2370 457; baseline 0.002 -19"><span class='ocrx_word' id='word_1_4' title='bbox 519 376 871 438; x_wconf 83' lang='lat' dir='ltr'><strong>Remedium</strong></span> <span class='ocrx_word' id='word_1_5' title='bbox 917 377 989 438; x_wconf 92' lang='lat' dir='ltr'><strong>ad</strong></span> <span class='ocrx_word' id='word_1_6' title='bbox 1029 377 1350 457; x_wconf 80' lang='lat' dir='ltr'>podagram</span> <span class='ocrx_word' id='word_1_7' title='bbox 1388 377 1478 437; x_wconf 83' lang='lat' dir='ltr'><strong>vel</strong></span> <span class='ocrx_word' id='word_1_8' title='bbox 1514 380 1766 438; x_wconf 83' lang='lat' dir='ltr'><strong>maxime</strong></span> <span class='ocrx_word' id='word_1_9' title='bbox 1804 378 1878 439; x_wconf 92' lang='lat' dir='ltr'><strong>ad</strong></span> <span class='ocrx_word' id='word_1_10' title='bbox 1914 378 2214 439; x_wconf 88' lang='lat' dir='ltr'><strong>arthritim</strong></span> <span class='ocrx_word' id='word_1_11' title='bbox 2257 382 2370 442; x_wconf 88' lang='lat' dir='ltr'><strong>sic:</strong></span> 
     </span>
     <span class='ocr_line' id='line_1_5' title="bbox 339 465 2368 547; baseline 0.002 -22"><span class='ocrx_word' id='word_1_12' title='bbox 339 465 507 527; x_wconf 84' lang='lat' dir='ltr'><strong>Aceti</strong></span> <span class='ocrx_word' id='word_1_13' title='bbox 562 468 773 544; x_wconf 88' lang='lat' dir='ltr'><strong>optimi</strong></span> <span class='ocrx_word' id='word_1_14' title='bbox 829 474 1115 544; x_wconf 85' lang='lat' dir='ltr'><strong>quantum</strong></span> <span class='ocrx_word' id='word_1_15' title='bbox 1172 465 1457 546; x_wconf 88' lang='lat' dir='ltr'><strong>volueris,</strong></span> <span class='ocrx_word' id='word_1_16' title='bbox 1515 466 1672 545; x_wconf 90' lang='lat' dir='ltr'><strong>quod</strong></span> <span class='ocrx_word' id='word_1_17' title='bbox 1719 466 1932 527; x_wconf 88' lang='lat' dir='ltr'><strong>melius</strong></span> <span class='ocrx_word' id='word_1_18' title='bbox 1989 470 2129 547; x_wconf 87' lang='lat' dir='ltr'><strong>erit,</strong></span> <span class='ocrx_word' id='word_1_19' title='bbox 2187 471 2240 529; x_wconf 92' lang='lat' dir='ltr'><strong>si</strong></span> <span class='ocrx_word' id='word_1_20' title='bbox 2298 488 2368 529; x_wconf 85' lang='lat' dir='ltr'><strong>ex</strong></span> 
     </span>
     <span class='ocr_line' id='line_1_6' title="bbox 342 554 2366 635; baseline 0.001 -21"><span class='ocrx_word' id='word_1_21' title='bbox 342 555 475 614; x_wconf 90' lang='lat' dir='ltr'><strong>vino</strong></span> <span class='ocrx_word' id='word_1_22' title='bbox 522 556 776 634; x_wconf 84' lang='lat' dir='ltr'><strong>styptico</strong></span> <span class='ocrx_word' id='word_1_23' title='bbox 815 556 1014 634; x_wconf 89' lang='lat' dir='ltr'><strong>fuerit,</strong></span> <span class='ocrx_word' id='word_1_24' title='bbox 1061 554 1209 615; x_wconf 89' lang='lat' dir='ltr'><strong>telas</strong></span> <span class='ocrx_word' id='word_1_25' title='bbox 1247 572 1616 633; x_wconf 89' lang='lat' dir='ltr'><strong>aranearum,</strong></span> <span class='ocrx_word' id='word_1_26' title='bbox 1664 574 1814 634; x_wconf 91' lang='lat' dir='ltr'><strong>quae</strong></span> <span class='ocrx_word' id='word_1_27' title='bbox 1851 557 1915 616; x_wconf 90' lang='lat' dir='ltr'><strong>in</strong></span> <span class='ocrx_word' id='word_1_28' title='bbox 1952 574 2240 635; x_wconf 84' lang='lat' dir='ltr'><strong>cupresso</strong></span> <span class='ocrx_word' id='word_1_29' title='bbox 2279 560 2366 617; x_wconf 87' lang='lat' dir='ltr'><strong>in-</strong></span> 
     </span>
     <span class='ocr_line' id='line_1_7' title="bbox 337 642 2369 724; baseline 0.002 -22"><span class='ocrx_word' id='word_1_30' title='bbox 337 644 679 724; x_wconf 84' lang='lat' dir='ltr'><strong>veniuntur,</strong></span> <span class='ocrx_word' id='word_1_31' title='bbox 724 642 870 703; x_wconf 87' lang='lat' dir='ltr'><strong>buxi</strong></span> <span class='ocrx_word' id='word_1_32' title='bbox 916 645 1287 704; x_wconf 79' lang='lat' dir='ltr'><strong>summitates</strong></span> <span class='ocrx_word' id='word_1_33' title='bbox 1325 645 1697 704; x_wconf 79' lang='lat' dir='ltr'><strong>tenerrimas,</strong></span> <span class='ocrx_word' id='word_1_34' title='bbox 1767 642 1926 704; x_wconf 87' lang='lat' dir='ltr'><strong>Haec</strong></span> <span class='ocrx_word' id='word_1_35' title='bbox 1964 647 2026 705; x_wconf 90' lang='lat' dir='ltr'><strong>in</strong></span> <span class='ocrx_word' id='word_1_36' title='bbox 2066 644 2182 705; x_wconf 89' lang='lat' dir='ltr'><strong>olla</strong></span> <span class='ocrx_word' id='word_1_37' title='bbox 2215 664 2369 706; x_wconf 89' lang='lat' dir='ltr'><strong>nova</strong></span> 
     </span>
     <span class='ocr_line' id='line_1_8' title="bbox 338 730 2419 813; baseline 0.002 -23"><span class='ocrx_word' id='word_1_38' title='bbox 338 730 647 810; x_wconf 89' lang='lat' dir='ltr'><strong>coquenda</strong></span> <span class='ocrx_word' id='word_1_39' title='bbox 696 739 835 792; x_wconf 85' lang='lat' dir='ltr'><strong>sunt</strong></span> <span class='ocrx_word' id='word_1_40' title='bbox 880 731 1242 811; x_wconf 84' lang='lat' dir='ltr'><strong>diutissime3</strong></span> <span class='ocrx_word' id='word_1_41' title='bbox 1290 750 1363 792; x_wconf 85' lang='lat' dir='ltr'><strong>ex</strong></span> <span class='ocrx_word' id='word_1_42' title='bbox 1403 750 1519 811; x_wconf 93' lang='lat' dir='ltr'><strong>quo</strong></span> <span class='ocrx_word' id='word_1_43' title='bbox 1558 739 1725 792; x_wconf 85' lang='lat' dir='ltr'><strong>aceto</strong></span> <span class='ocrx_word' id='word_1_44' title='bbox 1761 750 1940 811; x_wconf 90' lang='lat' dir='ltr'><strong>posca</strong></span> <span class='ocrx_word' id='word_1_45' title='bbox 1979 734 2368 813; x_wconf 89' lang='lat' dir='ltr'><strong>temperanda</strong></span> <span class='ocrx_word' id='word_1_46' title='bbox 2393 754 2419 795; x_wconf 86' lang='lat'><strong>5</strong></span> 
     </span>
     <span class='ocr_line' id='line_1_9' title="bbox 337 817 2367 901; baseline 0.002 -23"><span class='ocrx_word' id='word_1_47' title='bbox 337 817 512 897; x_wconf 89' lang='lat' dir='ltr'><strong>paulo</strong></span> <span class='ocrx_word' id='word_1_48' title='bbox 568 821 764 879; x_wconf 90' lang='lat' dir='ltr'><strong>acrior</strong></span> <span class='ocrx_word' id='word_1_49' title='bbox 820 839 994 899; x_wconf 85' lang='lat' dir='ltr'><strong>quam</strong></span> <span class='ocrx_word' id='word_1_50' title='bbox 1042 821 1114 881; x_wconf 93' lang='lat' dir='ltr'><strong>ad</strong></span> <span class='ocrx_word' id='word_1_51' title='bbox 1160 819 1513 901; x_wconf 87' lang='lat' dir='ltr'><strong>hibendum,</strong></span> <span class='ocrx_word' id='word_1_52' title='bbox 1568 838 1641 880; x_wconf 84' lang='lat' dir='ltr'><strong>ex</strong></span> <span class='ocrx_word' id='word_1_53' title='bbox 1687 838 1804 899; x_wconf 87' lang='lat' dir='ltr'><strong>qua</strong></span> <span class='ocrx_word' id='word_1_54' title='bbox 1848 839 2030 900; x_wconf 90' lang='lat' dir='ltr'><strong>posca</strong></span> <span class='ocrx_word' id='word_1_55' title='bbox 2075 822 2169 882; x_wconf 86' lang='lat' dir='ltr'><strong>vel</strong></span> <span class='ocrx_word' id='word_1_56' title='bbox 2213 823 2367 884; x_wconf 90' lang='lat' dir='ltr'><strong>cale-</strong></span> 
     </span>
     <span class='ocr_line' id='line_1_10' title="bbox 337 907 2369 989; baseline 0.002 -22"><span class='ocrx_word' id='word_1_57' title='bbox 337 907 489 968; x_wconf 84' lang='lat' dir='ltr'><strong>facta</strong></span> <span class='ocrx_word' id='word_1_58' title='bbox 534 907 630 967; x_wconf 84' lang='lat' dir='ltr'><strong>vel</strong></span> <span class='ocrx_word' id='word_1_59' title='bbox 676 908 914 989; x_wconf 87' lang='lat' dir='ltr'><strong>frigida,</strong></span> <span class='ocrx_word' id='word_1_60' title='bbox 963 917 1142 987; x_wconf 89' lang='lat' dir='ltr'><strong>prout</strong></span> <span class='ocrx_word' id='word_1_61' title='bbox 1188 927 1365 969; x_wconf 91' lang='lat' dir='ltr'><strong>causa</strong></span> <span class='ocrx_word' id='word_1_62' title='bbox 1413 908 1827 989; x_wconf 81' lang='lat' dir='ltr'><strong>postulaverit,</strong></span> <span class='ocrx_word' id='word_1_63' title='bbox 1885 909 2127 971; x_wconf 87' lang='lat' dir='ltr'><strong>lavanda</strong></span> <span class='ocrx_word' id='word_1_64' title='bbox 2185 930 2369 972; x_wconf 89' lang='lat' dir='ltr'><strong>mem-</strong></span> 
     </span>
     <span class='ocr_line' id='line_1_11' title="bbox 335 994 2368 1080; baseline 0.003 -25"><span class='ocrx_word' id='word_1_65' title='bbox 335 994 470 1075; x_wconf 93' lang='lat' dir='ltr'><strong>bra,</strong></span> <span class='ocrx_word' id='word_1_66' title='bbox 525 995 639 1057; x_wconf 92' lang='lat' dir='ltr'><strong>hoc</strong></span> <span class='ocrx_word' id='word_1_67' title='bbox 696 1004 789 1057; x_wconf 90' lang='lat' dir='ltr'><strong>est</strong></span> <span class='ocrx_word' id='word_1_68' title='bbox 834 997 1036 1058; x_wconf 88' lang='lat' dir='ltr'><strong>artbra</strong></span> <span class='ocrx_word' id='word_1_69' title='bbox 1082 997 1173 1057; x_wconf 85' lang='lat' dir='ltr'><strong>vel</strong></span> <span class='ocrx_word' id='word_1_70' title='bbox 1218 1000 1561 1077; x_wconf 89' lang='lat' dir='ltr'><strong>iuncturae,</strong></span> <span class='ocrx_word' id='word_1_71' title='bbox 1608 1015 1759 1077; x_wconf 86' lang='lat' dir='ltr'><strong>quae</strong></span> <span class='ocrx_word' id='word_1_72' title='bbox 1806 997 2036 1080; x_wconf 89' lang='lat' dir='ltr'><strong>dolent,</strong></span> <span class='ocrx_word' id='word_1_73' title='bbox 2086 1010 2149 1061; x_wconf 93' lang='lat' dir='ltr'><strong>et</strong></span> <span class='ocrx_word' id='word_1_74' title='bbox 2195 1000 2368 1061; x_wconf 87' lang='lat' dir='ltr'><strong>deor-</strong></span> 
     </span>
     <span class='ocr_line' id='line_1_12' title="bbox 335 1084 2369 1167; baseline 0.002 -22"><span class='ocrx_word' id='word_1_75' title='bbox 335 1102 496 1164; x_wconf 88' lang='lat' dir='ltr'><strong>sum,</strong></span> <span class='ocrx_word' id='word_1_76' title='bbox 559 1084 622 1145; x_wconf 91' lang='lat' dir='ltr'><strong>id</strong></span> <span class='ocrx_word' id='word_1_77' title='bbox 687 1093 779 1146; x_wconf 94' lang='lat' dir='ltr'><strong>est</strong></span> <span class='ocrx_word' id='word_1_78' title='bbox 833 1103 971 1146; x_wconf 89' lang='lat' dir='ltr'><strong>cum</strong></span> <span class='ocrx_word' id='word_1_79' title='bbox 1025 1103 1265 1146; x_wconf 88' lang='lat' dir='ltr'><strong>umeros</strong></span> <span class='ocrx_word' id='word_1_80' title='bbox 1322 1085 1414 1146; x_wconf 87' lang='lat' dir='ltr'><strong>vel</strong></span> <span class='ocrx_word' id='word_1_81' title='bbox 1469 1085 1667 1146; x_wconf 89' lang='lat' dir='ltr'><strong>cubita</strong></span> <span class='ocrx_word' id='word_1_82' title='bbox 1721 1086 1960 1167; x_wconf 78' lang='lat' dir='ltr'><strong>laveriS,</strong></span> <span class='ocrx_word' id='word_1_83' title='bbox 2023 1088 2096 1148; x_wconf 87' lang='lat' dir='ltr'><strong>ad</strong></span> <span class='ocrx_word' id='word_1_84' title='bbox 2154 1107 2369 1150; x_wconf 91' lang='lat' dir='ltr'><strong>manus</strong></span> 
     </span>
     <span class='ocr_line' id='line_1_13' title="bbox 336 1172 2440 1254; baseline 0.003 -22"><span class='ocrx_word' id='word_1_85' title='bbox 336 1190 597 1233; x_wconf 91' lang='lat' dir='ltr'><strong>summas</strong></span> <span class='ocrx_word' id='word_1_86' title='bbox 654 1172 746 1232; x_wconf 84' lang='lat' dir='ltr'><strong>vel</strong></span> <span class='ocrx_word' id='word_1_87' title='bbox 802 1173 872 1233; x_wconf 91' lang='lat' dir='ltr'><strong>ad</strong></span> <span class='ocrx_word' id='word_1_88' title='bbox 929 1173 1113 1252; x_wconf 91' lang='lat' dir='ltr'><strong>pedes</strong></span> <span class='ocrx_word' id='word_1_89' title='bbox 1179 1192 1442 1234; x_wconf 89' lang='lat' dir='ltr'><strong>summos</strong></span> <span class='ocrx_word' id='word_1_90' title='bbox 1509 1174 1997 1254; x_wconf 89' lang='lat' dir='ltr'><strong>destringendum</strong></span> <span class='ocrx_word' id='word_1_91' title='bbox 2062 1176 2367 1238; x_wconf 90' lang='lat' dir='ltr'><strong>deducen-</strong></span> <span class='ocrx_word' id='word_1_92' title='bbox 2394 1199 2440 1237; x_wconf 81' lang='grc' dir='ltr'><strong>ιο</strong></span> 
     </span>
     <span class='ocr_line' id='line_1_14' title="bbox 333 1261 2366 1343; baseline 0.002 -21"><span class='ocrx_word' id='word_1_93' title='bbox 333 1261 598 1339; x_wconf 88' lang='lat' dir='ltr'><strong>dumque</strong></span> <span class='ocrx_word' id='word_1_94' title='bbox 644 1261 1039 1342; x_wconf 84' lang='lat' dir='ltr'><strong>medicamen3</strong></span> <span class='ocrx_word' id='word_1_95' title='bbox 1097 1271 1303 1341; x_wconf 89' lang='lat' dir='ltr'><strong>postea</strong></span> <span class='ocrx_word' id='word_1_96' title='bbox 1354 1281 1495 1323; x_wconf 84' lang='lat' dir='ltr'><strong>vero</strong></span> <span class='ocrx_word' id='word_1_97' title='bbox 1544 1280 1720 1342; x_wconf 88' lang='lat' dir='ltr'><strong>quam</strong></span> <span class='ocrx_word' id='word_1_98' title='bbox 1766 1263 1876 1324; x_wconf 90' lang='lat' dir='ltr'><strong>hac</strong></span> <span class='ocrx_word' id='word_1_99' title='bbox 1922 1282 2102 1343; x_wconf 90' lang='lat' dir='ltr'><strong>posca</strong></span> <span class='ocrx_word' id='word_1_100' title='bbox 2148 1265 2366 1327; x_wconf 87' lang='lat' dir='ltr'><strong>laveris</strong></span> 
     </span>
     <span class='ocr_line' id='line_1_15' title="bbox 335 1348 2368 1434; baseline 0.004 -26"><span class='ocrx_word' id='word_1_101' title='bbox 335 1348 620 1429; x_wconf 86' lang='lat' dir='ltr'><strong>membra,</strong></span> <span class='ocrx_word' id='word_1_102' title='bbox 659 1368 808 1428; x_wconf 87' lang='lat' dir='ltr'><strong>quae</strong></span> <span class='ocrx_word' id='word_1_103' title='bbox 845 1349 1028 1410; x_wconf 84' lang='lat' dir='ltr'><strong>lavari</strong></span> <span class='ocrx_word' id='word_1_104' title='bbox 1063 1368 1309 1411; x_wconf 91' lang='lat' dir='ltr'><strong>necesse</strong></span> <span class='ocrx_word' id='word_1_105' title='bbox 1348 1359 1457 1431; x_wconf 90' lang='lat' dir='ltr'><strong>est,</strong></span> <span class='ocrx_word' id='word_1_106' title='bbox 1505 1351 1765 1429; x_wconf 84' lang='lat' dir='ltr'><strong>adpones</strong></span> <span class='ocrx_word' id='word_1_107' title='bbox 1809 1352 2074 1434; x_wconf 88' lang='lat' dir='ltr'><strong>herbam,</strong></span> <span class='ocrx_word' id='word_1_108' title='bbox 2112 1372 2266 1433; x_wconf 85' lang='lat' dir='ltr'><strong>quae</strong></span> <span class='ocrx_word' id='word_1_109' title='bbox 2305 1358 2368 1416; x_wconf 90' lang='lat' dir='ltr'><strong>in</strong></span> 
     </span>
     <span class='ocr_line' id='line_1_16' title="bbox 335 1438 2366 1522; baseline 0.003 -25"><span class='ocrx_word' id='word_1_110' title='bbox 335 1456 523 1518; x_wconf 89' lang='lat' dir='ltr'><strong>aquae</strong></span> <span class='ocrx_word' id='word_1_111' title='bbox 561 1438 717 1516; x_wconf 87' lang='lat' dir='ltr'><strong>iugis</strong></span> <span class='ocrx_word' id='word_1_112' title='bbox 754 1438 1012 1500; x_wconf 90' lang='lat' dir='ltr'><strong>decursu</strong></span> <span class='ocrx_word' id='word_1_113' title='bbox 1051 1442 1335 1517; x_wconf 90' lang='lat' dir='ltr'><strong>nascitur,</strong></span> <span class='ocrx_word' id='word_1_114' title='bbox 1375 1458 1552 1519; x_wconf 89' lang='lat' dir='ltr'><strong>quam</strong></span> <span class='ocrx_word' id='word_1_115' title='bbox 1579 1439 1787 1500; x_wconf 91' lang='lat' dir='ltr'><strong>Latine</strong></span> <span class='ocrx_word' id='word_1_116' title='bbox 1816 1440 2102 1522; x_wconf 74' lang='lat' dir='ltr'><strong>betulam,</strong></span> <span class='ocrx_word' id='word_1_117' title='bbox 2139 1442 2366 1504; x_wconf 86' lang='lat' dir='ltr'><strong>Graece</strong></span> 
     </span>
     <span class='ocr_line' id='line_1_17' title="bbox 334 1526 2366 1608; baseline 0.003 -21"><span class='ocrx_word' id='word_1_118' title='bbox 334 1526 716 1588; x_wconf 88' lang='lat' dir='ltr'><strong>cardaminen</strong></span> <span class='ocrx_word' id='word_1_119' title='bbox 779 1536 1016 1608; x_wconf 84' lang='lat' dir='ltr'><strong>vocant3</strong></span> <span class='ocrx_word' id='word_1_120' title='bbox 1080 1528 1226 1589; x_wconf 90' lang='lat' dir='ltr'><strong>haec</strong></span> <span class='ocrx_word' id='word_1_121' title='bbox 1293 1527 1608 1606; x_wconf 83' lang='lat' dir='ltr'><strong>diligenter</strong></span> <span class='ocrx_word' id='word_1_122' title='bbox 1670 1539 1962 1608; x_wconf 87' lang='lat' dir='ltr'><strong>purgatur</strong></span> <span class='ocrx_word' id='word_1_123' title='bbox 2026 1539 2089 1591; x_wconf 90' lang='lat' dir='ltr'><strong>et</strong></span> <span class='ocrx_word' id='word_1_124' title='bbox 2143 1535 2366 1592; x_wconf 91' lang='lat' dir='ltr'><strong>teneri-</strong></span> 
     </span>
     <span class='ocr_line' id='line_1_18' title="bbox 334 1615 2439 1699; baseline 0.003 -24"><span class='ocrx_word' id='word_1_125' title='bbox 334 1615 480 1675; x_wconf 89' lang='lat' dir='ltr'><strong>tudo</strong></span> <span class='ocrx_word' id='word_1_126' title='bbox 529 1617 660 1675; x_wconf 91' lang='lat' dir='ltr'><strong>eius</strong></span> <span class='ocrx_word' id='word_1_127' title='bbox 696 1616 970 1677; x_wconf 87' lang='lat' dir='ltr'><strong>tunditur</strong></span> <span class='ocrx_word' id='word_1_128' title='bbox 1010 1624 1069 1677; x_wconf 83' lang='lat' dir='ltr'><strong>et</strong></span> <span class='ocrx_word' id='word_1_129' title='bbox 1106 1618 1186 1677; x_wconf 92' lang='lat' dir='ltr'><strong>ita</strong></span> <span class='ocrx_word' id='word_1_130' title='bbox 1225 1616 1319 1676; x_wconf 82' lang='lat' dir='ltr'><strong>vel</strong></span> <span class='ocrx_word' id='word_1_131' title='bbox 1356 1617 1554 1696; x_wconf 88' lang='lat' dir='ltr'><strong>tepida</strong></span> <span class='ocrx_word' id='word_1_132' title='bbox 1592 1617 1684 1677; x_wconf 86' lang='lat' dir='ltr'><strong>vel</strong></span> <span class='ocrx_word' id='word_1_133' title='bbox 1721 1617 1952 1699; x_wconf 87' lang='lat' dir='ltr'><strong>frigida,</strong></span> <span class='ocrx_word' id='word_1_134' title='bbox 1988 1627 2170 1697; x_wconf 90' lang='lat' dir='ltr'><strong>prout</strong></span> <span class='ocrx_word' id='word_1_135' title='bbox 2208 1621 2363 1682; x_wconf 91' lang='lat' dir='ltr'><strong>salu-</strong></span> <span class='ocrx_word' id='word_1_136' title='bbox 2390 1641 2439 1681; x_wconf 83' lang='lat'><strong>15</strong></span> 
     </span>
     <span class='ocr_line' id='line_1_19' title="bbox 335 1702 2367 1786; baseline 0.004 -24"><span class='ocrx_word' id='word_1_137' title='bbox 335 1702 504 1764; x_wconf 87' lang='lat' dir='ltr'><strong>brius</strong></span> <span class='ocrx_word' id='word_1_138' title='bbox 561 1712 678 1783; x_wconf 90' lang='lat' dir='ltr'><strong>est,</strong></span> <span class='ocrx_word' id='word_1_139' title='bbox 736 1703 962 1765; x_wconf 92' lang='lat' dir='ltr'><strong>dolenti</strong></span> <span class='ocrx_word' id='word_1_140' title='bbox 1014 1707 1077 1765; x_wconf 92' lang='lat' dir='ltr'><strong>in</strong></span> <span class='ocrx_word' id='word_1_141' title='bbox 1132 1705 1373 1765; x_wconf 89' lang='lat' dir='ltr'><strong>modum</strong></span> <span class='ocrx_word' id='word_1_142' title='bbox 1432 1705 1864 1783; x_wconf 82' lang='lat' dir='ltr'><strong>cataplasmatis</strong></span> <span class='ocrx_word' id='word_1_143' title='bbox 1919 1707 2240 1786; x_wconf 87' lang='lat' dir='ltr'><strong>adponitur</strong></span> <span class='ocrx_word' id='word_1_144' title='bbox 2306 1717 2367 1770; x_wconf 92' lang='lat' dir='ltr'><strong>et</strong></span> 
     </span>
     <span class='ocr_line' id='line_1_20' title="bbox 335 1790 2367 1873; baseline 0.004 -22"><span class='ocrx_word' id='word_1_145' title='bbox 335 1791 430 1851; x_wconf 91' lang='lat' dir='ltr'><strong>die</strong></span> <span class='ocrx_word' id='word_1_146' title='bbox 478 1790 570 1853; x_wconf 90' lang='lat' dir='ltr'><strong>bis</strong></span> <span class='ocrx_word' id='word_1_147' title='bbox 618 1801 720 1853; x_wconf 92' lang='lat' dir='ltr'><strong>aut</strong></span> <span class='ocrx_word' id='word_1_148' title='bbox 764 1799 857 1852; x_wconf 87' lang='lat' dir='ltr'><strong>ter</strong></span> <span class='ocrx_word' id='word_1_149' title='bbox 903 1793 994 1853; x_wconf 84' lang='lat' dir='ltr'><strong>vel</strong></span> <span class='ocrx_word' id='word_1_150' title='bbox 1042 1796 1320 1872; x_wconf 88' lang='lat' dir='ltr'><strong>quotiens</strong></span> <span class='ocrx_word' id='word_1_151' title='bbox 1358 1795 1571 1854; x_wconf 88' lang='lat' dir='ltr'><strong>siccari</strong></span> <span class='ocrx_word' id='word_1_152' title='bbox 1608 1797 1875 1873; x_wconf 90' lang='lat' dir='ltr'><strong>coeperit</strong></span> <span class='ocrx_word' id='word_1_153' title='bbox 1910 1797 2193 1856; x_wconf 87' lang='lat' dir='ltr'><strong>mutanda</strong></span> <span class='ocrx_word' id='word_1_154' title='bbox 2232 1800 2367 1859; x_wconf 88' lang='lat' dir='ltr'><strong>erit.</strong></span> 
     </span>
     <span class='ocr_line' id='line_1_21' title="bbox 335 1879 2365 1964; baseline 0.004 -25"><span class='ocrx_word' id='word_1_155' title='bbox 335 1879 500 1951; x_wconf 84' lang='lat' dir='ltr'><strong>Quae</strong></span> <span class='ocrx_word' id='word_1_156' title='bbox 548 1882 600 1941; x_wconf 91' lang='lat' dir='ltr'><strong>si</strong></span> <span class='ocrx_word' id='word_1_157' title='bbox 641 1880 924 1941; x_wconf 90' lang='lat' dir='ltr'><strong>ruborem</strong></span> <span class='ocrx_word' id='word_1_158' title='bbox 962 1882 1191 1962; x_wconf 89' lang='lat' dir='ltr'><strong>fecerit,</strong></span> <span class='ocrx_word' id='word_1_159' title='bbox 1237 1889 1382 1942; x_wconf 90' lang='lat' dir='ltr'><strong>tunc</strong></span> <span class='ocrx_word' id='word_1_160' title='bbox 1421 1884 1607 1960; x_wconf 85' lang='lat' dir='ltr'><strong>magis</strong></span> <span class='ocrx_word' id='word_1_161' title='bbox 1644 1883 1941 1961; x_wconf 89' lang='lat' dir='ltr'><strong>profuisse</strong></span> <span class='ocrx_word' id='word_1_162' title='bbox 1979 1884 2365 1964; x_wconf 86' lang='lat' dir='ltr'><strong>intelligetur.</strong></span> 
     </span>
     <span class='ocr_line' id='line_1_22' title="bbox 331 1967 2355 2052; baseline 0.003 -24"><span class='ocrx_word' id='word_1_163' title='bbox 331 1967 749 2029; x_wconf 84' lang='lat' dir='ltr'><strong>Adhibendum</strong></span> <span class='ocrx_word' id='word_1_164' title='bbox 796 1969 1011 2031; x_wconf 89' lang='lat' dir='ltr'><strong>debinc</strong></span> <span class='ocrx_word' id='word_1_165' title='bbox 1059 1988 1377 2050; x_wconf 77' lang='lat' dir='ltr'><strong>parygrum</strong></span> <span class='ocrx_word' id='word_1_166' title='bbox 1415 1978 1684 2032; x_wconf 86' lang='lat' dir='ltr'><strong>cerotum</strong></span> <span class='ocrx_word' id='word_1_167' title='bbox 1723 1972 1876 2034; x_wconf 83' lang='lat' dir='ltr'><strong>infra</strong></span> <span class='ocrx_word' id='word_1_168' title='bbox 1913 1975 2206 2052; x_wconf 88' lang='lat' dir='ltr'><strong>scriptum</strong></span> <span class='ocrx_word' id='word_1_169' title='bbox 2243 1977 2355 2035; x_wconf 87' lang='lat' dir='ltr'><strong>sic:</strong></span> 
     </span>
     <span class='ocr_line' id='line_1_23' title="bbox 332 2055 2439 2144; baseline 0.002 -27"><span class='ocrx_word' id='word_1_170' title='bbox 332 2055 649 2135; x_wconf 88' lang='lat' dir='ltr'><strong>Cerussae,</strong></span> <span class='ocrx_word' id='word_1_171' title='bbox 698 2075 942 2136; x_wconf 90' lang='lat' dir='ltr'><strong>spumae</strong></span> <span class='ocrx_word' id='word_1_172' title='bbox 991 2061 1248 2140; x_wconf 87' lang='lat' dir='ltr'><strong>argenti,</strong></span> <span class='ocrx_word' id='word_1_173' title='bbox 1295 2077 1467 2119; x_wconf 89' lang='lat' dir='ltr'><strong>cerae</strong></span> <span class='ocrx_word' id='word_1_174' title='bbox 1513 2058 1801 2142; x_wconf 89' lang='lat' dir='ltr'><strong>Punicae,</strong></span> <span class='ocrx_word' id='word_1_175' title='bbox 1847 2060 1963 2121; x_wconf 90' lang='lat' dir='ltr'><strong>olei</strong></span> <span class='ocrx_word' id='word_1_176' title='bbox 2008 2064 2195 2144; x_wconf 90' lang='lat' dir='ltr'><strong>rosei,</strong></span> <span class='ocrx_word' id='word_1_177' title='bbox 2241 2062 2359 2124; x_wconf 89' lang='lat' dir='ltr'><strong>olei</strong></span> <span class='ocrx_word' id='word_1_178' title='bbox 2385 2083 2439 2121; x_wconf 83' lang='lat'><strong>20</strong></span> 
     </span>
     <span class='ocr_line' id='line_1_24' title="bbox 330 2144 2362 2231; baseline 0.004 -27"><span class='ocrx_word' id='word_1_179' title='bbox 330 2144 552 2226; x_wconf 76' lang='lat' dir='ltr'><strong>molliS,</strong></span> <span class='ocrx_word' id='word_1_180' title='bbox 608 2146 881 2206; x_wconf 86' lang='lat' dir='ltr'><strong>lacrimas</strong></span> <span class='ocrx_word' id='word_1_181' title='bbox 937 2165 1200 2209; x_wconf 89' lang='lat' dir='ltr'><strong>ovorum.</strong></span> <span class='ocrx_word' id='word_1_182' title='bbox 1282 2146 1512 2207; x_wconf 92' lang='lat' dir='ltr'><strong>Horum</strong></span> <span class='ocrx_word' id='word_1_183' title='bbox 1567 2152 1834 2209; x_wconf 88' lang='lat' dir='ltr'><strong>omnium</strong></span> <span class='ocrx_word' id='word_1_184' title='bbox 1887 2150 2151 2228; x_wconf 89' lang='lat' dir='ltr'><strong>pondera</strong></span> <span class='ocrx_word' id='word_1_185' title='bbox 2207 2170 2362 2231; x_wconf 90' lang='lat' dir='ltr'><strong>quae</strong></span> 
     </span>
     <span class='ocr_line' id='line_1_25' title="bbox 330 2232 2362 2315; baseline 0.004 -23"><span class='ocrx_word' id='word_1_186' title='bbox 330 2233 624 2312; x_wconf 87' lang='lat' dir='ltr'><strong>placuerit</strong></span> <span class='ocrx_word' id='word_1_187' title='bbox 677 2232 981 2315; x_wconf 84' lang='lat' dir='ltr'><strong>miscebis3</strong></span> <span class='ocrx_word' id='word_1_188' title='bbox 1035 2236 1248 2296; x_wconf 90' lang='lat' dir='ltr'><strong>modus</strong></span> <span class='ocrx_word' id='word_1_189' title='bbox 1305 2238 1462 2297; x_wconf 90' lang='lat' dir='ltr'><strong>enim</strong></span> <span class='ocrx_word' id='word_1_190' title='bbox 1519 2254 1638 2295; x_wconf 90' lang='lat' dir='ltr'><strong>non</strong></span> <span class='ocrx_word' id='word_1_191' title='bbox 1695 2245 1786 2298; x_wconf 91' lang='lat' dir='ltr'><strong>est</strong></span> <span class='ocrx_word' id='word_1_192' title='bbox 1831 2237 2125 2300; x_wconf 75' lang='lat' dir='ltr'><strong>definitus</strong></span> <span class='ocrx_word' id='word_1_193' title='bbox 2211 2240 2362 2302; x_wconf 89' lang='lat' dir='ltr'><strong>Cera</strong></span> 
     </span>
     <span class='ocr_line' id='line_1_26' title="bbox 330 2320 2551 2411; baseline 0.004 -30"><span class='ocrx_word' id='word_1_194' title='bbox 330 2322 591 2399; x_wconf 92' lang='lat' dir='ltr'><strong>primum</strong></span> <span class='ocrx_word' id='word_1_195' title='bbox 646 2323 708 2381; x_wconf 89' lang='lat' dir='ltr'><strong>in</strong></span> <span class='ocrx_word' id='word_1_196' title='bbox 765 2320 895 2382; x_wconf 92' lang='lat' dir='ltr'><strong>oleo</strong></span> <span class='ocrx_word' id='word_1_197' title='bbox 943 2323 1104 2383; x_wconf 93' lang='lat' dir='ltr'><strong>molli</strong></span> <span class='ocrx_word' id='word_1_198' title='bbox 1149 2323 1374 2385; x_wconf 85' lang='lat' dir='ltr'><strong>ferveat</strong></span> <span class='ocrx_word' id='word_1_199' title='bbox 1419 2332 1539 2385; x_wconf 89' lang='lat' dir='ltr'><strong>tam</strong></span> <span class='ocrx_word' id='word_1_200' title='bbox 1593 2324 1720 2405; x_wconf 84' lang='lat' dir='ltr'><strong>din,</strong></span> <span class='ocrx_word' id='word_1_201' title='bbox 1768 2326 1956 2387; x_wconf 92' lang='lat' dir='ltr'><strong>donec</strong></span> <span class='ocrx_word' id='word_1_202' title='bbox 2002 2330 2360 2411; x_wconf 79' lang='lat' dir='ltr'><strong>stringatur3</strong></span> <span class='ocrx_word' id='word_1_203' title='bbox 2550 2405 2551 2410; x_wconf 8' lang='grc' dir='ltr'>ἵ</span> 
     </span>
     <span class='ocr_line' id='line_1_27' title="bbox 330 2408 2551 2504; baseline 0.005 -35"><span class='ocrx_word' id='word_1_204' title='bbox 330 2415 536 2488; x_wconf 91' lang='lat' dir='ltr'><strong>postea</strong></span> <span class='ocrx_word' id='word_1_205' title='bbox 589 2408 894 2488; x_wconf 89' lang='lat' dir='ltr'><strong>pulverem</strong></span> <span class='ocrx_word' id='word_1_206' title='bbox 951 2428 1131 2491; x_wconf 89' lang='lat' dir='ltr'><strong>supra</strong></span> <span class='ocrx_word' id='word_1_207' title='bbox 1187 2415 1544 2491; x_wconf 88' lang='lat' dir='ltr'><strong>scriptarum</strong></span> <span class='ocrx_word' id='word_1_208' title='bbox 1593 2416 1927 2492; x_wconf 88' lang='lat' dir='ltr'><strong>specierum</strong></span> <span class='ocrx_word' id='word_1_209' title='bbox 1976 2417 2361 2498; x_wconf 90' lang='lat' dir='ltr'><strong>superaddes,</strong></span> <span class='ocrx_word' id='word_1_210' title='bbox 2550 2433 2551 2504; x_wconf 38' lang='lat' dir='ltr'><strong>l</strong></span> 
     </span>
     <span class='ocr_line' id='line_1_28' title="bbox 329 2496 2551 2567; baseline 0.005 -10"><span class='ocrx_word' id='word_1_211' title='bbox 329 2496 545 2558; x_wconf 91' lang='lat' dir='ltr'><strong>deinde</strong></span> <span class='ocrx_word' id='word_1_212' title='bbox 591 2497 790 2559; x_wconf 89' lang='lat' dir='ltr'><strong>oleum</strong></span> <span class='ocrx_word' id='word_1_213' title='bbox 838 2517 1076 2560; x_wconf 90' lang='lat' dir='ltr'><strong>roseum</strong></span> <span class='ocrx_word' id='word_1_214' title='bbox 1122 2500 1215 2560; x_wconf 88' lang='lat' dir='ltr'><strong>vel</strong></span> <span class='ocrx_word' id='word_1_215' title='bbox 1262 2501 1535 2561; x_wconf 87' lang='lat' dir='ltr'><strong>lacrimas</strong></span> <span class='ocrx_word' id='word_1_216' title='bbox 1584 2520 1829 2563; x_wconf 91' lang='lat' dir='ltr'><strong>ovorum</strong></span> <span class='ocrx_word' id='word_1_217' title='bbox 1873 2504 2231 2566; x_wconf 88' lang='lat' dir='ltr'><strong>admiscebis</strong></span> <span class='ocrx_word' id='word_1_218' title='bbox 2269 2515 2354 2567; x_wconf 91' lang='lat' dir='ltr'><strong>at-</strong></span> <span class='ocrx_word' id='word_1_219' title='bbox 2382 2525 2434 2566; x_wconf 81' lang='lat'><strong>25</strong></span> <span class='ocrx_word' id='word_1_220' title='bbox 2550 2515 2551 2518; x_wconf 76' lang='grc'>’</span> 
     </span>
     <span class='ocr_line' id='line_1_29' title="bbox 328 2586 2358 2673; baseline 0.005 -28"><span class='ocrx_word' id='word_1_221' title='bbox 328 2604 447 2665; x_wconf 89' lang='lat' dir='ltr'><strong>que</strong></span> <span class='ocrx_word' id='word_1_222' title='bbox 501 2588 584 2646; x_wconf 89' lang='lat' dir='ltr'><strong>ita</strong></span> <span class='ocrx_word' id='word_1_223' title='bbox 640 2586 792 2647; x_wconf 90' lang='lat' dir='ltr'><strong>bene</strong></span> <span class='ocrx_word' id='word_1_224' title='bbox 848 2591 1061 2666; x_wconf 83' lang='lat' dir='ltr'><strong>agitata</strong></span> <span class='ocrx_word' id='word_1_225' title='bbox 1120 2599 1179 2651; x_wconf 93' lang='lat' dir='ltr'><strong>et</strong></span> <span class='ocrx_word' id='word_1_226' title='bbox 1231 2591 1414 2650; x_wconf 88' lang='lat' dir='ltr'><strong>mixta</strong></span> <span class='ocrx_word' id='word_1_227' title='bbox 1469 2592 1665 2651; x_wconf 91' lang='lat' dir='ltr'><strong>omnia</strong></span> <span class='ocrx_word' id='word_1_228' title='bbox 1721 2591 2170 2672; x_wconf 86' lang='lat' dir='ltr'><strong>subcoquantur</strong></span> <span class='ocrx_word' id='word_1_229' title='bbox 2216 2596 2358 2673; x_wconf 87' lang='lat' dir='ltr'><strong>igni.</strong></span> 
     </span>
     <span class='ocr_line' id='line_1_30' title="bbox 329 2673 2357 2763; baseline 0.004 -29"><span class='ocrx_word' id='word_1_230' title='bbox 329 2673 499 2745; x_wconf 88' lang='lat' dir='ltr'><strong>Quod</strong></span> <span class='ocrx_word' id='word_1_231' title='bbox 557 2676 923 2737; x_wconf 90' lang='lat' dir='ltr'><strong>medicamen</strong></span> <span class='ocrx_word' id='word_1_232' title='bbox 970 2680 1325 2758; x_wconf 89' lang='lat' dir='ltr'><strong>repositum,</strong></span> <span class='ocrx_word' id='word_1_233' title='bbox 1373 2697 1509 2739; x_wconf 89' lang='lat' dir='ltr'><strong>cum</strong></span> <span class='ocrx_word' id='word_1_234' title='bbox 1558 2697 1804 2740; x_wconf 89' lang='lat' dir='ltr'><strong>necesse</strong></span> <span class='ocrx_word' id='word_1_235' title='bbox 1859 2683 2008 2763; x_wconf 89' lang='lat' dir='ltr'><strong>erit,</strong></span> <span class='ocrx_word' id='word_1_236' title='bbox 2062 2684 2125 2742; x_wconf 92' lang='lat' dir='ltr'><strong>in</strong></span> <span class='ocrx_word' id='word_1_237' title='bbox 2171 2681 2357 2744; x_wconf 91' lang='lat' dir='ltr'><strong>linteo</strong></span> 
     </span>
     <span class='ocr_line' id='line_1_31' title="bbox 329 2763 1679 2845; baseline 0.004 -21"><span class='ocrx_word' id='word_1_238' title='bbox 329 2763 566 2825; x_wconf 90' lang='lat' dir='ltr'><strong>inlitum</strong></span> <span class='ocrx_word' id='word_1_239' title='bbox 615 2764 899 2825; x_wconf 90' lang='lat' dir='ltr'><strong>membris</strong></span> <span class='ocrx_word' id='word_1_240' title='bbox 946 2765 1284 2827; x_wconf 88' lang='lat' dir='ltr'><strong>dolentibus</strong></span> <span class='ocrx_word' id='word_1_241' title='bbox 1332 2767 1679 2845; x_wconf 89' lang='lat' dir='ltr'><strong>adponetur.</strong></span> 
     </span>
    </p>

    <p class='ocr_par' dir='ltr' id='par_1_5' title="bbox 323 2852 2429 3635">
     <span class='ocr_line' id='line_1_32' title="bbox 508 2852 2354 2940; baseline 0.005 -28"><span class='ocrx_word' id='word_1_242' title='bbox 508 2852 757 2913; x_wconf 90' lang='lat' dir='ltr'><strong>Farinae</strong></span> <span class='ocrx_word' id='word_1_243' title='bbox 794 2856 1063 2915; x_wconf 89' lang='lat' dir='ltr'><strong>triticeae</strong></span> <span class='ocrx_word' id='word_1_244' title='bbox 1102 2852 1165 2915; x_wconf 63' lang='lat' dir='ltr'><strong>S*</strong></span> <span class='ocrx_word' id='word_1_245' title='bbox 1195 2873 1401 2936; x_wconf 90' lang='lat' dir='ltr'><strong>unum,</strong></span> <span class='ocrx_word' id='word_1_246' title='bbox 1440 2855 1615 2937; x_wconf 80' lang='lat' dir='ltr'><strong>amyli</strong></span> <span class='ocrx_word' id='word_1_247' title='bbox 1652 2859 1857 2917; x_wconf 87' lang='lat' dir='ltr'><strong>uncias</strong></span> <span class='ocrx_word' id='word_1_248' title='bbox 1895 2867 2142 2940; x_wconf 91' lang='lat' dir='ltr'><strong>septem,</strong></span> <span class='ocrx_word' id='word_1_249' title='bbox 2181 2878 2354 2921; x_wconf 90' lang='lat' dir='ltr'><strong>cerae</strong></span> 
     </span>
     <span class='ocr_line' id='line_1_33' title="bbox 328 2941 2429 3023; baseline 0.004 -23"><span class='ocrx_word' id='word_1_250' title='bbox 328 2942 536 3001; x_wconf 91' lang='lat' dir='ltr'><strong>uncias</strong></span> <span class='ocrx_word' id='word_1_251' title='bbox 575 2951 821 3022; x_wconf 85' lang='lat' dir='ltr'><strong>septem,</strong></span> <span class='ocrx_word' id='word_1_252' title='bbox 864 2941 980 3004; x_wconf 92' lang='lat' dir='ltr'><strong>olei</strong></span> <span class='ocrx_word' id='word_1_253' title='bbox 1017 2946 1246 3004; x_wconf 88' lang='lat' dir='ltr'><strong>rosacei</strong></span> <span class='ocrx_word' id='word_1_254' title='bbox 1284 2951 1524 3023; x_wconf 89' lang='lat' dir='ltr'><strong>aestate,</strong></span> <span class='ocrx_word' id='word_1_255' title='bbox 1573 2944 1769 3005; x_wconf 90' lang='lat' dir='ltr'><strong>hieme</strong></span> <span class='ocrx_word' id='word_1_256' title='bbox 1807 2953 2002 3006; x_wconf 87' lang='lat' dir='ltr'><strong>autem</strong></span> <span class='ocrx_word' id='word_1_257' title='bbox 2043 2947 2157 3007; x_wconf 94' lang='lat' dir='ltr'><strong>olei</strong></span> <span class='ocrx_word' id='word_1_258' title='bbox 2197 2967 2351 3009; x_wconf 91' lang='lat' dir='ltr'><strong>com-</strong></span> <span class='ocrx_word' id='word_1_259' title='bbox 2379 2969 2429 3009; x_wconf 75' lang='lat' dir='ltr'><strong>ao</strong></span> 
     </span>
     <span class='ocr_line' id='line_1_34' title="bbox 327 3027 2354 3112; baseline 0.004 -24"><span class='ocrx_word' id='word_1_260' title='bbox 327 3031 527 3089; x_wconf 91' lang='lat' dir='ltr'><strong>munis</strong></span> <span class='ocrx_word' id='word_1_261' title='bbox 574 3027 636 3091; x_wconf 65' lang='grc' dir='ltr'><em>θ</em></span> <span class='ocrx_word' id='word_1_262' title='bbox 675 3029 701 3089; x_wconf 88' lang='lat'>1</span> <span class='ocrx_word' id='word_1_263' title='bbox 745 3029 1040 3112; x_wconf 80' lang='lat' dir='ltr'><strong>Italicum3</strong></span> <span class='ocrx_word' id='word_1_264' title='bbox 1096 3051 1235 3092; x_wconf 92' lang='lat' dir='ltr'><strong>sane</strong></span> <span class='ocrx_word' id='word_1_265' title='bbox 1294 3041 1359 3093; x_wconf 89' lang='lat' dir='ltr'><strong>ut</strong></span> <span class='ocrx_word' id='word_1_266' title='bbox 1413 3035 1609 3112; x_wconf 88' lang='lat' dir='ltr'><strong>passio</strong></span> <span class='ocrx_word' id='word_1_267' title='bbox 1656 3035 1784 3112; x_wconf 90' lang='lat' dir='ltr'><strong>ipsa</strong></span> <span class='ocrx_word' id='word_1_268' title='bbox 1830 3034 1924 3094; x_wconf 86' lang='lat' dir='ltr'><strong>vel</strong></span> <span class='ocrx_word' id='word_1_269' title='bbox 1970 3035 2218 3097; x_wconf 90' lang='lat' dir='ltr'><strong>calidius</strong></span> <span class='ocrx_word' id='word_1_270' title='bbox 2265 3038 2354 3098; x_wconf 91' lang='lat' dir='ltr'><strong>vel</strong></span> 
     </span>
     <span class='ocr_line' id='line_1_35' title="bbox 325 3117 2353 3204; baseline 0.005 -27"><span class='ocrx_word' id='word_1_271' title='bbox 325 3117 602 3195; x_wconf 88' lang='lat' dir='ltr'><strong>frigidius</strong></span> <span class='ocrx_word' id='word_1_272' title='bbox 660 3118 1155 3181; x_wconf 89' lang='lat' dir='ltr'><strong>medicamentum</strong></span> <span class='ocrx_word' id='word_1_273' title='bbox 1210 3122 1406 3199; x_wconf 92' lang='lat' dir='ltr'><strong>poscit</strong></span> <span class='ocrx_word' id='word_1_274' title='bbox 1459 3121 1617 3204; x_wconf 85' lang='lat' dir='ltr'><strong>fieri,</strong></span> <span class='ocrx_word' id='word_1_275' title='bbox 1671 3125 1753 3183; x_wconf 90' lang='lat' dir='ltr'><strong>ita</strong></span> <span class='ocrx_word' id='word_1_276' title='bbox 1800 3122 1998 3183; x_wconf 77' lang='lat' dir='ltr'><strong>facias,</strong></span> <span class='ocrx_word' id='word_1_277' title='bbox 2081 3123 2353 3186; x_wconf 89' lang='lat' dir='ltr'><strong>Farinam</strong></span> 
     </span>
     <span class='ocr_line' id='line_1_36' title="bbox 325 3207 2351 3290; baseline 0.004 -23"><span class='ocrx_word' id='word_1_278' title='bbox 325 3214 463 3267; x_wconf 85' lang='lat' dir='ltr'><strong>ante</strong></span> <span class='ocrx_word' id='word_1_279' title='bbox 511 3207 668 3267; x_wconf 92' lang='lat' dir='ltr'><strong>diem</strong></span> <span class='ocrx_word' id='word_1_280' title='bbox 713 3208 970 3269; x_wconf 86' lang='lat' dir='ltr'><strong>infusam</strong></span> <span class='ocrx_word' id='word_1_281' title='bbox 1008 3211 1070 3269; x_wconf 89' lang='lat' dir='ltr'><strong>in</strong></span> <span class='ocrx_word' id='word_1_282' title='bbox 1109 3228 1296 3288; x_wconf 89' lang='lat' dir='ltr'><strong>aquae</strong></span> <span class='ocrx_word' id='word_1_283' title='bbox 1336 3207 1398 3269; x_wconf 65' lang='grc' dir='ltr'><em>θ</em></span> <span class='ocrx_word' id='word_1_284' title='bbox 1436 3208 1706 3271; x_wconf 89' lang='lat' dir='ltr'><strong>Italicum</strong></span> <span class='ocrx_word' id='word_1_285' title='bbox 1746 3229 2084 3290; x_wconf 89' lang='lat' dir='ltr'><strong>concoques</strong></span> <span class='ocrx_word' id='word_1_286' title='bbox 2122 3213 2195 3274; x_wconf 89' lang='lat' dir='ltr'><strong>ad</strong></span> <span class='ocrx_word' id='word_1_287' title='bbox 2232 3232 2351 3275; x_wconf 92' lang='lat' dir='ltr'><strong>mo-</strong></span> 
     </span>
     <span class='ocr_line' id='line_1_37' title="bbox 326 3293 2349 3377; baseline 0.004 -23"><span class='ocrx_word' id='word_1_288' title='bbox 326 3293 470 3355; x_wconf 91' lang='lat' dir='ltr'><strong>dum</strong></span> <span class='ocrx_word' id='word_1_289' title='bbox 515 3295 724 3375; x_wconf 82' lang='lat' dir='ltr'><strong>glutiS,</strong></span> <span class='ocrx_word' id='word_1_290' title='bbox 778 3302 985 3375; x_wconf 90' lang='lat' dir='ltr'><strong>postea</strong></span> <span class='ocrx_word' id='word_1_291' title='bbox 1032 3297 1286 3377; x_wconf 85' lang='lat' dir='ltr'><strong>amylum</strong></span> <span class='ocrx_word' id='word_1_292' title='bbox 1337 3302 1655 3377; x_wconf 89' lang='lat' dir='ltr'><strong>separatim</strong></span> <span class='ocrx_word' id='word_1_293' title='bbox 1702 3302 1910 3360; x_wconf 88' lang='lat' dir='ltr'><strong>tritum</strong></span> <span class='ocrx_word' id='word_1_294' title='bbox 1958 3302 2019 3360; x_wconf 92' lang='lat' dir='ltr'><strong>in</strong></span> <span class='ocrx_word' id='word_1_295' title='bbox 2068 3306 2349 3363; x_wconf 86' lang='lat' dir='ltr'><strong>mortario</strong></span> 
     </span>
     <span class='ocr_line' id='line_1_38' title="bbox 326 3386 2418 3467; baseline 0.004 -25"><span class='ocrx_word' id='word_1_296' title='bbox 326 3390 387 3443; x_wconf 92' lang='lat' dir='ltr'><strong>et</strong></span> <span class='ocrx_word' id='word_1_297' title='bbox 443 3402 638 3444; x_wconf 89' lang='lat' dir='ltr'><strong>ceram</strong></span> <span class='ocrx_word' id='word_1_298' title='bbox 695 3386 1003 3445; x_wconf 88' lang='lat' dir='ltr'><strong>remissam</strong></span> <span class='ocrx_word' id='word_1_299' title='bbox 1061 3388 1123 3446; x_wconf 91' lang='lat' dir='ltr'><strong>in</strong></span> <span class='ocrx_word' id='word_1_300' title='bbox 1178 3387 1309 3447; x_wconf 92' lang='lat' dir='ltr'><strong>oleo</strong></span> <span class='ocrx_word' id='word_1_301' title='bbox 1367 3390 1751 3467; x_wconf 86' lang='lat' dir='ltr'><strong>supermittes</strong></span> <span class='ocrx_word' id='word_1_302' title='bbox 1807 3394 1866 3448; x_wconf 88' lang='lat' dir='ltr'><strong>et</strong></span> <span class='ocrx_word' id='word_1_303' title='bbox 1922 3389 2101 3450; x_wconf 89' lang='lat' dir='ltr'><strong>simul</strong></span> <span class='ocrx_word' id='word_1_304' title='bbox 2156 3394 2348 3453; x_wconf 89' lang='lat' dir='ltr'><strong>omnia</strong></span> <span class='ocrx_word' id='word_1_305' title='bbox 2371 3410 2418 3451; x_wconf 77' lang='lat'><strong>35</strong></span> 
     </span>
     <span class='ocr_line' id='line_1_39' title="bbox 325 3470 2347 3557; baseline 0.005 -27"><span class='ocrx_word' id='word_1_306' title='bbox 325 3470 640 3548; x_wconf 87' lang='lat' dir='ltr'><strong>diligenter</strong></span> <span class='ocrx_word' id='word_1_307' title='bbox 696 3479 856 3532; x_wconf 91' lang='lat' dir='ltr'><strong>teres</strong></span> <span class='ocrx_word' id='word_1_308' title='bbox 923 3483 983 3535; x_wconf 92' lang='lat' dir='ltr'><strong>et</strong></span> <span class='ocrx_word' id='word_1_309' title='bbox 1047 3493 1183 3536; x_wconf 89' lang='lat' dir='ltr'><strong>cum</strong></span> <span class='ocrx_word' id='word_1_310' title='bbox 1250 3493 1402 3554; x_wconf 89' lang='lat' dir='ltr'><strong>opus</strong></span> <span class='ocrx_word' id='word_1_311' title='bbox 1465 3477 1676 3557; x_wconf 90' lang='lat' dir='ltr'><strong>fuerit,</strong></span> <span class='ocrx_word' id='word_1_312' title='bbox 1734 3475 1995 3555; x_wconf 90' lang='lat' dir='ltr'><strong>adpones</strong></span> <span class='ocrx_word' id='word_1_313' title='bbox 2051 3480 2115 3539; x_wconf 89' lang='lat' dir='ltr'><strong>in</strong></span> <span class='ocrx_word' id='word_1_314' title='bbox 2170 3479 2347 3541; x_wconf 89' lang='lat' dir='ltr'><strong>linteo</strong></span> 
     </span>
     <span class='ocr_line' id='line_1_40' title="bbox 323 3556 932 3635; baseline 0.01 -20"><span class='ocrx_word' id='word_1_315' title='bbox 323 3556 621 3635; x_wconf 80' lang='lat' dir='ltr'><strong>podagrae</strong></span> <span class='ocrx_word' id='word_1_316' title='bbox 669 3558 932 3622; x_wconf 88' lang='lat' dir='ltr'><strong>cuilibet.</strong></span> 
     </span>
    </p>
   </div>
  </div>
 </body>
</html>
