2575 4092
982 248 1467 312 —177—

383 408 725 489 Conpositio
782 409 1129 490 ecligmatii,
1186 410 1345 490 quod
1403 411 1545 472 facit
1599 411 1672 472 ad
1718 411 2008 491 pthisicos
2054 424 2115 475 et
2166 414 2239 476 ad
2275 428 2348 478 52

208 515 328 575 eoS,
377 497 596 576 quibus
640 497 844 577 pulmo
890 516 1001 578 per
1045 498 1505 560 destillationem
1553 518 1700 562 uvae
1739 501 2083 564 vulneratus
2122 514 2240 566 est:

204 586 317 646 Iris
373 585 640 666 Illyricae
700 618 783 630 —
830 585 881 667 Ι,
926 589 1138 666 -spicae
1195 586 1452 649 Celticae
1507 621 1592 631 —
1643 588 1695 670 Ι,
1755 590 1965 670 hysopi
2019 590 2240 654 Cretici

212 707 285 717 —
321 673 369 753 1,
407 693 607 736 ameos
635 709 721 718 -
749 675 821 756 II,
861 678 1095 737 resinae
1132 676 1571 738 terebinthinae
1604 709 1679 721 —
1713 678 1758 759 Ι,
1795 681 2021 759 piperis
2057 712 2135 724 —
2169 679 2239 762 11,

125 786 153 827 s
206 766 332 825 ervi
381 766 579 825 russei
629 795 705 807 —
748 763 828 839 11,
884 764 1085 845 butyri
1132 797 1216 809 ——
1255 764 1359 845 VI,
1414 765 1608 827 mellis
1662 767 1995 848 despumati
2049 768 2110 830 P.
2160 769 2241 830 III

203 862 263 913 et
300 885 390 896 —
428 851 600 913 VIIII.
673 851 775 934 Ea,
823 872 973 932 quae
1020 856 1084 914 in
1120 854 1429 933 pulverem
1466 855 1788 935 redigenda
1827 865 1985 938 sunt,
2021 857 2240 919 tundes

203 948 263 1002 et
308 940 764 1022 diligentissime
811 960 1049 1023 cernes,
1106 945 1365 1004 resinam
1421 962 1562 1005 vero
1620 953 1681 1005 et
1737 943 2022 1025 butyrum
2077 946 2237 1008 lento

200 1031 340 1110 igne
379 1029 756 1112 liquefacies3
794 1038 999 1110 postea
1037 1031 1209 1093 melle
1246 1034 1611 1111 permixtum
1648 1040 1840 1094 totum
1876 1052 2058 1114 supra
2096 1037 2238 1096 scri·

200 1128 444 1198 ptarum
491 1122 829 1199 specierum
876 1119 1180 1201 pulverem
1227 1119 1470 1201 colliges
1515 1131 1577 1183 et
1622 1122 1801 1184 simul
1845 1142 2237 1185 commacera-

126 1229 177 1270 ιο
202 1217 334 1269 tum
373 1210 436 1269 in
477 1208 705 1270 doleolo
745 1211 918 1270 vitrio
956 1228 1212 1289 repones
1250 1209 1557 1293 utendum,
1596 1229 1732 1272 cum
1770 1230 1917 1275 usus
1953 1214 2237 1295 exegerit,

200 1298 280 1359 ita
331 1306 402 1359 ut
448 1307 679 1359 mature
725 1299 944 1360 ieiunis
992 1306 1160 1359 terna
1207 1298 1482 1361 cocliaria
1530 1299 1765 1364 dentur.

1024 1492 1182 1555 CAP.
1228 1492 1429 1555 XVIII.

198 1604 618 1660 Umerorum
671 1607 743 1660 et
793 1605 1164 1662 cervicium
1210 1605 1566 1661 doloribus
1612 1610 1683 1661 et
1728 1605 2239 1675 opisthotonicis

261 1697 339 1750 ct
392 1693 677 1750 hircosis
738 1698 809 1749 et
861 1695 1211 1763 ung-uibus
1268 1696 1339 1750 et
1392 1693 1822 1763 paronychiis
1875 1693 2178 1749 remedia

306 1782 743 1841 rationabilia.
780 1785 849 1838 et
884 1783 1167 1852 physica
1204 1782 1472 1839 diversa
1508 1783 1595 1838 de
1634 1781 2133 1852 experimentis.

384 1917 590 1979 Umeri
609 1918 874 1980 dolorem
902 1918 1189 1980 mustelae
1209 1926 1454 1980 exustae
1475 1920 1626 1980 cinis
1644 1920 1824 1980 tritus
1853 1925 1917 1979 et
1944 1936 2080 1979 cum
2100 1936 2236 1979 cera
2279 1933 2308 1981 1

40 2010 43 2079 l
197 2009 542 2088 permixtus
580 2026 647 2068 ac
687 2008 972 2070 subactus
1010 2015 1070 2069 et
1108 2010 1298 2069 ceroti
1334 2025 1499 2069 more
1529 2009 1846 2086 impositus
1875 2008 2025 2067 mire
2054 2016 2237 2069 sanat.

386 2096 477 2157 Ad
526 2098 791 2158 cervices
837 2106 898 2158 et
943 2115 1263 2158 nervorum
1312 2096 1543 2158 subitos
1589 2103 1692 2157 aut
1732 2103 1965 2157 veteres
2004 2094 2239 2157 dolores
2276 2108 2309 2157 2

123 2208 172 2250 ιε
200 2195 262 2248 et
313 2188 703 2247 contusiones
742 2186 1237 2247 medicamentum
1275 2185 1441 2246 valde
1480 2187 1903 2266 necessarium,
1949 2184 2107 2263 quod
2146 2185 2242 2246 dia

200 2283 444 2337 steaton
491 2275 726 2355 dicitur,
774 2277 888 2336 sic:
933 2275 1196 2336 Masticis
1232 2307 1324 2318 -
1350 2274 1449 2355 111,
1494 2274 1610 2335 olei
1651 2276 1812 2336 rosei
1849 2273 2078 2356 libram,
2125 2273 2241 2336 olei

201 2363 511 2443 gremialis
550 2362 826 2424 selibram
867 2364 956 2424 vel
993 2362 1150 2442 quod
1180 2364 1454 2444 sufficiat,
1492 2381 1665 2425 cerae
1694 2362 1973 2425 Ponticae
2011 2362 2241 2444 libram,

203 2454 340 2514 sevi
386 2454 612 2513 cervini
658 2452 888 2532 libram,
937 2451 1225 2513 medullae
1273 2454 1547 2514 cervinae
1595 2451 1835 2533 libram,
1882 2451 2072 2530 adipis
2111 2451 2240 2531 pul-

200 2541 366 2603 linae
405 2540 634 2624 libram,
674 2542 864 2621 adipis
903 2542 1213 2602 anserinae
1248 2540 1480 2621 libram,
1524 2541 1713 2620 adipis
1751 2540 2039 2602 scrofinae
2078 2538 2140 2600 P.
2170 2539 2240 2621 11,

118 2652 175 2694 so
203 2631 585 2709 faenograeci
650 2633 781 2692 suci
842 2631 1171 2710 heminam,
1241 2629 1348 2690 lini
1417 2630 1661 2692 seminis
1727 2631 1857 2690 suci
1924 2629 2243 2708 heminam,

202 2719 392 2780 ibisci
442 2721 573 2780 suci
627 2719 949 2800 heminam,
1007 2718 1390 2780 chamaemeli
1435 2718 1810 2798 fasciculum,
1862 2718 2065 2779 anethi
2111 2736 2240 2778 sur-

207 2807 382 2870 culos
428 2806 546 2868 vll.
638 2807 923 2869 Mastiche
981 2826 1118 2868 cum
1173 2806 1302 2868 oleo
1360 2824 1603 2868 rosaceo
1660 2808 1723 2868 in
1773 2808 2056 2867 mortario
2104 2824 2241 2867 con-

205 2905 461 2977 teratur,
508 2899 739 2976 species
787 2915 927 2958 vero
975 2914 1154 2975 supra
1198 2897 1422 2976 sciptae
1458 2895 1620 2957 lento
1660 2897 1794 2976 igne
1833 2895 2243 2974 decoquantur

205 2995 271 3047 et
329 2987 460 3047 suci
515 3004 650 3046 cum
708 3004 844 3047 cera
911 3003 1182 3046 seorsum
1246 2986 1611 3046 misceantur
1678 2991 1739 3046 et
1800 2985 1996 3045 omnia
2059 2985 2241 3044 mixta

206 3074 512 3155 colentur3
569 3077 657 3136 sic
715 3082 919 3155 postea
974 3072 1260 3136 mastiche
1318 3092 1454 3135 cum
1501 3073 1631 3135 oleo
1680 3075 2133 3154 supermittatur
2179 3080 2241 3133 et

395 3270 435 3318 r
462 3261 758 3332 eligmatii.
901 3269 933 3317 2
975 3260 1443 3318 destellationem.
1588 3268 1620 3317 3
1656 3260 1910 3317 illiricae.
2054 3259 2239 3329 ysopi.

209 3341 248 3388 4
292 3334 692 3418 terebentinae.
874 3339 906 3388 5
952 3334 1117 3404 rysei.
1309 3337 1341 3386 8
1384 3332 1678 3402 permixto.
1871 3338 1940 3387 10
1997 3330 2238 3400 exigerit

211 3410 279 3460 ut
312 3421 952 3546 sassw'opistotoniois.
1098 3476 1368 3546 hyrcosis.
1512 3472 1871 3544 paranichiis.

345 3592 353 3603 ,
396 3553 463 3604 17
503 3547 842 3618 graemialis.
1058 3552 1127 3602 20
1174 3565 1212 3602 a
1255 3547 1537 3602 vocabulis
1582 3544 1867 3615 fenogreci
1912 3543 2031 3599 suci
2075 3543 2245 3598 codex

214 3618 398 3687 deficit
432 3634 602 3690 usque
637 3621 712 3675 ad
746 3635 792 3693 ρ.
829 3617 949 3687 XX,
987 3623 1057 3674 26
1094 3617 1262 3674 Oibos
1301 3633 1433 3673 vero
1473 3616 1608 3671 dari.

322 3719 625 3760 MAncnnnvs
637 3747 649 3771 ,
676 3727 754 3760 nn.
783 3719 1094 3759 Hammon.
1858 3708 1922 3758 12
