2575 4092
351 419 616 481 triduum
683 430 785 481 aut
849 428 986 500 post
1044 419 1173 481 dies
1233 422 1499 500 quinque
1556 420 1869 498 ligaturam
1925 437 2099 499 quam
2167 419 2381 482 feceris

244 522 313 571 23
353 509 561 570 solves,
653 508 717 569 Si
765 527 904 570 vero
952 511 1077 570 ictu
1123 508 1322 588 aliquo
1371 516 1549 588 caput
1593 508 1847 569 fractum
1897 509 2077 570 fuerit
2123 516 2184 570 et
2230 517 2381 570 testa

351 597 599 678 conlisa,
664 597 1033 659 medicamen
1088 616 1333 660 rosaceo
1398 596 1529 658 oleo
1584 597 1929 678 liquefacies
2002 606 2062 658 et
2126 600 2211 659 sic
2267 601 2382 677 ipsi

355 688 647 748 fracturae
713 686 804 748 vel
861 686 1206 749 vulneribus
1270 685 1567 748 infundes,
1659 686 1862 747 Infuso
1926 705 2066 748 vero
2126 688 2379 748 interius

351 775 739 837 medicamine
790 776 1174 837 nibilominus
1230 775 1491 855 desuper
1545 774 1738 836 solum
1786 774 2151 836 medicamen
2197 776 2379 837 linteo
2407 792 2435 834 5

350 864 659 926 inductum
708 866 970 944 adpones
1019 872 1079 925 et
1125 884 1306 945 supra
1352 863 1563 943 ligabis
1610 864 1801 925 lanam
1848 865 2115 925 sucidam
2153 865 2283 926 oleo
2321 874 2381 926 et

351 962 517 1014 aceto
583 953 816 1016 modico
875 954 1172 1015 infectam.
1265 954 1349 1014 De
1404 955 1535 1032 ipso
1592 962 1788 1014 autem
1847 952 2263 1036 medicamine,
2325 955 2379 1014 si

350 1043 732 1103 succenderis
777 1046 841 1104 in
888 1042 1163 1104 cubiculo
1209 1043 1303 1103 vel
1346 1045 1405 1102 in
1445 1042 1638 1122 domo,
1684 1041 1917 1120 fugabis
1963 1051 2274 1121 serpentes
2320 1051 2380 1104 et

349 1133 402 1191 si
439 1150 555 1210 qua
593 1132 713 1192 illic
760 1132 908 1192 mala
957 1141 1114 1213 sunt,
1161 1132 1318 1192 foras
1366 1133 1564 1192 eicies.
1639 1130 1764 1191 Hoc
1810 1133 1941 1209 ipso
1988 1131 2377 1193 medicamine

347 1222 593 1281 incenso
633 1221 830 1282 suffita
866 1221 1083 1282 mulier
1120 1220 1290 1281 facile
1330 1218 1702 1301 purgabitur,
1739 1221 1972 1280 etiamsi
2010 1239 2194 1299 pecus
2224 1225 2376 1282 intra
2408 1238 2460 1279 10

351 1318 586 1370 uterum
652 1309 930 1371 habuerit
984 1311 1369 1371 inmortuum.
1464 1308 1935 1370 Saluberrimum
1991 1318 2189 1370 autem
2245 1327 2375 1371 esse

348 1397 624 1459 omnibus
687 1409 746 1460 et
810 1397 1082 1459 virilibus
1147 1407 1209 1459 et
1271 1399 1546 1459 femineis
1611 1400 1807 1459 causis
1863 1417 1937 1459 ne
1994 1397 2260 1480 dubites,
2326 1401 2378 1459 si

346 1488 607 1566 primum
653 1487 970 1566 diligenter
1016 1506 1084 1549 ac
1132 1486 1383 1548 sollicite
1431 1487 1737 1568 conficias,
1794 1486 2036 1569 deinde,
2083 1496 2150 1548 ut
2197 1505 2375 1568 supra

347 1578 637 1655 scriptum
684 1585 801 1657 est,
849 1579 1108 1638 scienter
1155 1579 1360 1638 utaris,

1182 1772 1342 1833 CAP.
1391 1771 1537 1835 Vlll.

346 1884 456 1939 Ad
508 1898 744 1940 omnes
799 1889 871 1940 et
914 1884 1331 1954 multiplices
1377 1884 1735 1940 oculorum
1780 1883 2053 1941 dolores
2098 1884 2380 1953 collyria.

347 1975 418 2028 et
469 1975 770 2029 remedia.
823 1973 1118 2043 diversa,
1175 1973 1379 2028 etiam
1433 1973 1713 2043 physica.
1768 1973 1853 2028 de
1908 1973 2379 2043 probabilibus

1106 2062 1609 2131 experimentis.

275 2207 303 2254 1
520 2196 605 2257 Ad
663 2195 1148 2258 conturbationes
1207 2206 1266 2258 et
1322 2197 1709 2278 lippitudines
1757 2198 1985 2259 subitas
2032 2198 2373 2279 epiphoras·
2406 2215 2459 2256 ιε

347 2304 462 2366 que
510 2285 820 2346 oculorum
869 2288 992 2346 scio
1040 2285 1222 2347 multa
1271 2287 1538 2367 collyria,
1594 2290 1832 2348 tametsi
1877 2288 2072 2368 tarde,
2131 2306 2375 2366 magnos

345 2385 539 2436 tamen
589 2375 837 2436 effectus
873 2374 1110 2451 habere,
1157 2376 1261 2436 sed
1302 2376 1448 2437 nulli
1486 2376 1866 2455 collyriorum
1902 2385 2134 2437 tantum
2173 2376 2375 2438 tribuo

346 2473 633 2543 quantum
688 2464 838 2543 lycio
894 2463 1096 2526 Indico
1152 2464 1242 2526 vel
1301 2483 1409 2544 per
1468 2483 1559 2546 se3
1617 2464 1728 2525 hoc
1787 2467 1942 2526 enim
1999 2467 2158 2526 inter
2203 2467 2373 2527 initia

345 2555 395 2613 si
433 2555 568 2632 quis
607 2561 672 2614 ut
711 2554 952 2633 collyrio
990 2555 1374 2634 inunguatur,
1417 2556 1693 2632 protinus
1731 2562 1791 2614 et
1827 2554 2031 2614 dolore
2069 2556 2376 2635 praesenti

344 2650 403 2702 et
440 2643 642 2702 futuro
680 2649 914 2704 tumore
943 2641 1311 2703 liberabitur.
1388 2641 1834 2721 Supervacuum
1864 2651 1956 2704 est
1984 2651 2182 2705 autem
2212 2662 2374 2704 nunc
2405 2659 2460 2700 πο

343 2730 546 2791 laudes
593 2733 723 2791 eius
772 2733 1024 2811 referre3
1072 2733 1132 2792 in
1179 2731 1310 2791 aliis
1356 2733 1516 2791 enim
1563 2739 1846 2809 expertus
1887 2733 2197 2811 intelleges
2235 2734 2374 2793 sim·

341 2819 514 2899 plicis
561 2822 648 2880 rei
696 2822 791 2880 vix
838 2821 1169 2882 credendos
1217 2820 1483 2882 effectuS.
1548 2819 1799 2899 Oportet
1845 2839 1987 2899 ergo
2027 2831 2094 2882 ut
2130 2823 2375 2882 minime

342 2917 555 2987 quater
602 2911 989 2988 quinquiesve
1038 2927 1110 2970 ex
1147 2908 1457 2970 intervallo
1494 2909 1840 2989 lippientem
1877 2911 2111 2991 inungi3
2160 2910 2376 2971 deinde

343 3015 479 3057 cum
536 2997 943 3059 conbiberint·
969 2998 1150 3079 oculi,
1207 2997 1278 3058 ad
1338 2998 1602 3076 singulas
1656 3000 2036 3060 inunctiones
2093 3018 2164 3060 ex
2220 3017 2374 3079 aqua

343 3104 519 3164 quam
566 3089 830 3166 poterint
877 3090 1172 3148 sustinere
1221 3086 1577 3148 calidissima
1616 3090 1894 3166 spongeis
1932 3090 2230 3168 expressis
2275 3105 2375 3148 va·
2406 3103 2464 3144 25

341 3177 541 3254 porari
588 3175 812 3236 diutius
859 3176 1186 3255 eodemque
1234 3175 1329 3237 die
1387 3179 1448 3236 in
1505 3175 1804 3236 balineum
1860 3177 2000 3237 duci
2054 3194 2218 3256 eum,
2271 3178 2380 3256 qui

341 3264 626 3324 inunctus
673 3263 880 3345 fuerit,
936 3267 1015 3325 ita
1064 3273 1131 3326 ut
1177 3283 1315 3326 cum
1363 3273 1563 3325 cetero
1612 3283 1861 3345 corpore
1908 3273 2087 3346 caput
2133 3284 2378 3346 quoque

342 3361 401 3413 et
452 3354 667 3413 faciem
724 3353 944 3415 calidae
991 3356 1285 3433 inmergat
1331 3362 1392 3415 et
1440 3354 1633 3415 foveat
1677 3356 2000 3434 vinumque
2047 3363 2184 3434 post
2228 3354 2378 3415 bali-

488 3493 552 3541 18
592 3488 784 3544 Indico
822 3488 937 3560 vel]
974 3488 1251 3545 indicove.
1419 3495 1485 3544 19
1522 3488 1874 3559 inungentur.
2048 3496 2118 3546 22
2156 3488 2382 3546 effectis

344 3560 557 3628 oportit
595 3563 698 3628 (sic
732 3563 976 3629 saepius)
1105 3560 1363 3616 menime.
1494 3567 1564 3616 24
1602 3561 1929 3617 coniverint.
2058 3566 2129 3617 25
2168 3563 2382 3631 sphon-

343 3630 477 3699 geis.
624 3637 692 3685 28
731 3629 930 3687 calide.
