2575 4092
1150 262 1579 328 ..58-

351 424 617 486 triduum
684 434 786 486 aut
850 433 987 505 post
1045 426 1173 486 dies
1234 426 1499 505 quinque
1557 425 1869 503 ligaturam
1926 442 2099 504 quam
2168 424 2384 486 feceris

244 528 313 577 23
352 514 562 576 solves,
653 513 717 573 Si
765 533 904 575 vero
951 516 1075 575 ictu
1124 514 1323 593 aliquo
1370 521 1550 592 caput
1594 513 1848 574 fractum
1897 514 2078 575 fuerit
2123 524 2185 574 et
2230 522 2383 575 testa

351 603 600 684 conlisa,
663 603 1033 664 medicamen
1089 621 1334 664 rosaceo
1399 602 1529 664 oleo
1584 601 1929 683 liquefacies
2003 611 2062 663 et
2126 605 2211 663 sic
2267 606 2384 682 ipsi

354 693 648 753 fracturae
712 691 805 753 vel
862 691 1206 753 vulneribus
1271 690 1569 753 infundes,
1660 691 1863 752 Infuso
1926 710 2068 752 vero
2127 693 2382 753 interius

351 781 740 842 medicamine
790 780 1175 842 nihilominus
1230 781 1492 860 desuper
1546 779 1739 841 solum
1784 780 2151 841 medicamen
2196 779 2381 842 linteo
2409 796 2435 838 5

350 870 659 931 inductum
708 870 971 949 adpones
1019 877 1078 932 et
1125 889 1306 950 supra
1351 868 1563 948 ligabis
1612 868 1800 930 lanam
1849 869 2113 930 sucidam
2153 869 2282 930 oleo
2321 879 2382 931 et

350 968 518 1019 aceto
582 959 817 1020 modico
876 959 1173 1021 infectam.
1265 958 1350 1020 De
1405 961 1535 1038 ipso
1592 968 1790 1019 autem
1847 957 2262 1041 medicamine,
2325 961 2381 1019 si

350 1047 733 1108 succenderis
778 1050 841 1109 in
887 1046 1163 1109 cubiculo
1209 1047 1303 1109 vel
1346 1049 1406 1108 in
1445 1046 1639 1128 domo,
1685 1046 1918 1125 fugabis
1964 1056 2274 1125 serpentes
2321 1055 2382 1108 et

350 1138 401 1196 si
440 1155 556 1216 qua
594 1136 712 1197 illic
760 1135 909 1197 mala
958 1146 1114 1219 sunt,
1160 1137 1319 1197 foras
1367 1138 1565 1196 eicieS.
1639 1134 1765 1196 Hoc
1812 1138 1942 1215 ipso
1989 1136 2378 1197 medicamine

348 1227 594 1286 incenso
634 1226 830 1287 suffita
867 1225 1085 1286 mulier
1120 1225 1290 1287 facile
1330 1224 1702 1306 purgabitur,
1741 1227 1973 1286 etiamsi
2010 1244 2194 1304 pecus
2223 1228 2379 1286 intra
2409 1243 2461 1282 10

350 1323 587 1374 uterum
653 1314 930 1376 habuerit
984 1315 1370 1376 inmortuum.
1465 1312 1934 1375 Saluberrimum
1990 1322 2188 1375 autem
2244 1332 2377 1376 esse

348 1402 624 1464 omnibus
688 1413 747 1464 et
809 1402 1082 1464 virilibus
1148 1411 1209 1464 et
1273 1404 1547 1464 femineis
1612 1405 1808 1463 causis
1863 1422 1938 1464 ne
1995 1402 2259 1484 dubites,
2326 1406 2379 1463 si

346 1493 607 1570 primum
654 1492 971 1572 diligenter
1018 1511 1085 1554 ac
1132 1491 1384 1554 sollicite
1432 1492 1738 1572 conficias,
1795 1492 2037 1574 deinde,
2082 1500 2152 1553 ut
2198 1510 2378 1571 supra

348 1583 636 1660 scriptum
684 1590 802 1662 est,
849 1585 1108 1643 scienter
1157 1584 1361 1643 utaris,

1182 1777 1342 1837 CAP.
1391 1775 1538 1840 vm.

346 1889 455 1944 Ad
509 1902 745 1945 omnes
800 1893 871 1944 et
915 1889 1331 1959 multiplices
1378 1888 1735 1945 oculorum
1780 1888 2053 1945 dolores
2099 1889 2380 1957 collyris

347 1981 418 2033 et
469 1979 770 2033 remedia
824 1977 1119 2047 diversa,
1176 1978 1379 2033 etiam
1433 1977 1713 2048 physica
1768 1978 1854 2033 de
1907 1977 2379 2047 probabilibus

1106 2066 1610 2135 experimentis.

276 2212 303 2260 1
521 2202 608 2261 Ad
664 2200 1149 2262 conturbationes
1207 2210 1268 2263 et
1321 2202 1711 2283 lippitudines
1758 2202 1985 2264 subitas
2033 2203 2373 2283 epiphoras·
2405 2219 2457 2260 15

346 2308 462 2370 que
511 2289 821 2351 oculorum
869 2292 993 2351 scio
1040 2290 1222 2352 multa
1271 2291 1538 2372 collyria,
1595 2294 1833 2352 tametsi
1877 2291 2072 2373 tarde,
2131 2310 2373 2370 magnos

345 2389 541 2440 tamen
590 2379 838 2441 effectus
872 2378 1111 2456 habere,
1157 2380 1262 2441 sed
1304 2380 1450 2442 nulli
1486 2381 1866 2460 collyriorum
1902 2389 2133 2442 tantum
2175 2380 2374 2442 tribuo

346 2477 634 2548 quantum
687 2468 839 2548 lycio
895 2467 1097 2530 Indico
1154 2469 1242 2531 vel
1303 2488 1410 2548 per
1468 2488 1560 2551 se3
1616 2469 1729 2530 hoc
1787 2471 1942 2530 enim
2000 2472 2158 2532 inter
2204 2472 2372 2531 initia

346 2560 394 2618 si
435 2560 568 2636 quis
608 2565 674 2618 ut
711 2558 952 2638 collyrio
991 2561 1374 2639 inunguatur,
1418 2560 1692 2637 protinus
1732 2567 1791 2618 et
1828 2558 2032 2619 dolore
2069 2561 2373 2641 praesenti

345 2655 404 2707 et
441 2647 642 2707 futuro
680 2654 914 2708 tumore
944 2646 1312 2708 liberabitur.
1388 2646 1834 2726 Supervacuum
1864 2655 1957 2708 est
1984 2656 2184 2709 autem
2212 2665 2373 2709 nunc
2403 2664 2457 2704 so

344 2735 546 2795 laudes
593 2737 723 2796 eius
772 2737 1024 2816 referre3
1071 2738 1131 2796 in
1179 2735 1311 2796 aliis
1357 2738 1516 2796 enim
1563 2744 1845 2814 expertus
1887 2736 2197 2816 intelleges
2234 2737 2373 2797 sim·

342 2824 514 2903 plicis
562 2826 650 2884 rei
697 2826 790 2884 vix
839 2824 1170 2886 credendos
1217 2824 1483 2887 effectus,
1548 2824 1798 2903 Oportet
1846 2843 1987 2905 ergo
2026 2835 2094 2887 ut
2130 2827 2373 2887 minime

342 2921 556 2992 quater
602 2915 989 2993 quinquiesve
1037 2933 1110 2975 ex
1146 2913 1458 2975 intervallo
1495 2913 1841 2992 lippientem
1877 2916 2111 2996 inungi3
2160 2914 2374 2975 deinde

343 3020 479 3062 cum
536 3000 944 3064 conbiberint·
969 3003 1150 3084 oculi,
1207 3003 1280 3063 ad
1337 3003 1602 3081 singulas
1656 3005 2037 3065 inunctiones
2093 3022 2164 3064 ex
2220 3021 2372 3083 aqua

344 3108 520 3169 quam
567 3093 831 3170 poterint
877 3095 1172 3153 sustinere
1221 3091 1578 3153 calidissima
1616 3095 1895 3171 spongeis
1933 3095 2230 3172 expressis
2274 3110 2372 3153 va·
2402 3108 2460 3148 25

341 3181 543 3257 porari
589 3179 813 3241 diutius
860 3180 1187 3261 eodemque
1234 3181 1330 3242 die
1388 3184 1449 3241 in
1505 3179 1804 3241 balineum
1860 3182 2000 3242 duci
2053 3200 2218 3261 eum,
2269 3183 2377 3261 qui

338 3270 627 3329 inunctus
674 3268 881 3350 fuerit,
936 3272 1015 3329 ita
1064 3278 1131 3331 ut
1177 3288 1315 3331 cum
1364 3279 1564 3331 cetero
1612 3287 1862 3349 corpore
1908 3279 2087 3351 caput
2134 3289 2375 3350 quoque

342 3366 402 3418 et
454 3359 668 3418 faciem
724 3358 945 3419 calidae
991 3361 1284 3438 inmergat
1331 3366 1393 3419 et
1439 3359 1631 3419 foveat
1677 3361 2000 3438 vinumque
2047 3367 2185 3439 post
2228 3359 2375 3420 bali-

489 3498 553 3546 18
592 3492 785 3549 Indico
822 3493 938 3564 vel]
975 3492 1251 3551 indicove.
1420 3499 1485 3549 19
1523 3494 1874 3563 inungeatur.
2048 3501 2118 3550 22
2156 3493 2377 3551 effectis

344 3564 558 3703 {gai-tit
595 3567 699 3691 (s2i8e
732 3567 977 3692 ἓὲῗῗέἔε)
1106 3566 1364 3621 menime.
1494 3572 1564 3622 24
1602 3565 1929 3622 coniverint-
2060 3571 2130 3621 25
2168 3568 2377 3636 sphon-
