2575 4092
925 323 928 326 ⁴
1010 279 1096 289 -
1143 244 1275 310 203
1373 280 1449 291 -

215 407 393 488 aloes,
423 406 684 468 absinthi
714 406 974 485 singulas
1006 409 1230 488 unciaS‚
1260 409 1512 468 storacis
1544 440 1622 451 —
1655 407 1708 467 Π
1729 407 1787 490 S,
1817 410 1980 470 croci
2009 441 2085 452 —
2111 407 2164 468 11
2187 407 2246 489 S,

218 514 388 558 cerae
444 502 506 556 et
559 494 850 556 medullae
907 497 1180 557 cervinae
1238 495 1502 574 singulas
1556 495 1770 578 libras3
1834 506 2129 559 storacem
2185 505 2247 558 et

217 604 460 646 crocum
506 584 699 663 pridie
736 602 969 645 macera
1007 586 1143 644 vino
1179 587 1371 645 veteri
1406 585 1673 647 infusum
1709 593 1773 646 et
1808 588 1896 648 sic
1932 585 2250 664 diligenter

216 683 372 754 tere,
425 672 746 734 medullam
804 679 864 733 et
918 691 1118 734 ceram
1172 675 1413 734 remitte
1459 675 1610 755 igni,
1665 681 1866 735 cetera
1910 683 2087 737 tunsa
2135 677 2249 737 cri-

159 779 192 820 -5
217 763 505 841 brataque
553 762 731 823 simul
777 764 962 823 misce
1009 769 1072 822 et
1117 769 1322 822 ceroto
1369 762 1800 842 superinfunde
1839 771 1900 824 et
1944 765 2006 824 in
2044 767 2249 843 panni-

215 851 352 913 culo
408 860 579 911 utere
636 850 710 910 ad
758 851 1129 912 stomachum
1189 849 1422 912 duabus
1469 850 1562 912 vel
1616 851 1812 912 tribus
1856 853 2023 913 horis
2079 860 2141 914 et
2197 855 2248 914 si

217 941 426 1001 durius
480 938 783 1000 videbitur
837 958 1014 1019 quam
1070 958 1203 1000 esse
1261 938 1466 1019 debet,
1524 939 1721 1001 oleum
1778 941 2092 1002 nardinum
2146 949 2251 1002 aut

213 1028 558 1108 gleucinum
604 1027 726 1089 illic
772 1029 957 1110 adice,
1002 1036 1073 1090 ut
1108 1028 1431 1090 mollescat.
1492 1027 1798 1109 Hysopum
1834 1038 2072 1092 coctum
2110 1048 2246 1091 cum
2286 1040 2355 1089 70

213 1116 470 1197 oxymeli
514 1119 756 1178 ieiunus
801 1118 895 1178 vel
951 1125 1087 1196 post
1141 1136 1351 1178 cenam
1402 1120 1504 1197 qui
1560 1137 1669 1198 per
1714 1118 1982 1181 cocleare
2030 1117 2248 1180 cotidie

132 1222 189 1262 ιο
215 1208 487 1288 accipiet,
534 1205 767 1267 facilius
813 1207 1090 1267 conficiet
1135 1206 1354 1269 cibum.
1423 1206 1706 1268 Radicem
1743 1207 1987 1269 feniculi
2023 1209 2085 1268 in
2124 1209 2247 1268 vini
2286 1217 2353 1268 ’11

211 1295 426 1376 cyatho
472 1295 666 1355 radito
714 1305 776 1356 et
819 1298 1171 1375 priusquam
1217 1313 1398 1356 cenes
1435 1295 1527 1355 vel
1575 1314 1714 1357 cum
1751 1296 2074 1359 dormitum
2112 1297 2245 1378 ibis,

208 1386 383 1464 potui
430 1385 669 1464 sumito,
715 1402 832 1463 quo
879 1384 1035 1445 facto
1081 1383 1295 1445 melius
1342 1383 1593 1462 digereS.
1675 1384 1914 1447 Laseris
1960 1388 2086 1447 veri
2122 1405 2245 1447 mo·
2284 1394 2352 1442 '¹12

210 1474 414 1534 dicum
460 1491 534 1533 ex
581 1491 769 1552 aquae
817 1474 1062 1553 frigidae
1110 1472 1322 1553 cyatho
1370 1471 1626 1533 dilutum
1673 1473 1995 1535 dormitum
2047 1476 2247 1535 iturus

210 1561 378 1643 bibe,
439 1561 830 1640 digestorium
892 1564 1112 1623 mirum
1167 1562 1516 1640 experieris.
1605 1560 1795 1621 Mellis
1856 1562 2035 1623 Attici
2090 1561 2153 1624 P.
2203 1561 2246 1641 1,
2287 1570 2354 1621 ’13

125 1666 183 1708 15
207 1651 544 1712 vettonicae
601 1653 776 1712 tritae
824 1684 909 1694 -
948 1650 1059 1711 1111
1121 1651 1185 1710 in
1240 1667 1428 1711 unum
1483 1650 1779 1729 permisce
1835 1658 1895 1710 et
1947 1668 2130 1731 pone,
2180 1658 2250 1711 ut

207 1740 581 1820 conferveat3
628 1739 788 1818 quod
835 1758 973 1801 cum
1018 1739 1479 1819 refrigeraverit,
1530 1738 1714 1799 facies
1759 1738 2027 1817 pastillos
2074 1740 2247 1800 nucis

207 1828 506 1889 avellanae
572 1829 978 1907 magnitudine
1038 1835 1099 1888 et
1161 1834 1299 1907 post
1371 1845 1579 1887 cenam
1645 1826 1910 1904 singulos
1978 1827 2246 1908 hauries;

209 1936 332 1997 quo
388 1917 544 1977 facto
599 1920 791 1996 prime
847 1916 1148 1997 quoslibet
1202 1934 1543 1995 concoques
1606 1914 1790 1976 cibos.
1879 1914 2028 1976 Item
2087 1915 2246 1977 aliud
2285 1923 2355 1974 74

207 2005 542 2067 embamma
591 2007 981 2085 digestorium
1029 2007 1320 2084 optimum
1367 2012 1428 2064 et
1474 2004 1856 2065 utilissimum
1904 2007 2018 2066 sic:
2067 2004 2244 2082 Ligu·

123 2112 181 2152 so
208 2096 354 2156 stici
399 2095 559 2174 drag.
596 2094 723 2176 1111,
768 2094 1094 2174 gingiberis
1139 2090 1299 2171 drag,
1336 2092 1378 2174 1,
1424 2091 1758 2172 petrosilini
1797 2090 1956 2173 drag.
1992 2092 2037 2174 1,
2082 2095 2245 2174 pipe-

205 2189 297 2245 ris
356 2180 514 2262 drag.
561 2183 613 2262 1,
670 2184 955 2264 epithymi
1011 2181 1168 2263 drag.
1214 2182 1242 2243 1
1307 2192 1366 2243 et
1421 2180 1631 2242 laseris
1688 2182 2017 2260 scripulum
2073 2183 2243 2243 dimi-

207 2273 407 2352 dium3
443 2282 622 2333 tunsa
656 2272 805 2333 haec
842 2290 909 2332 ac
950 2272 1265 2350 diligenter
1304 2269 1562 2331 cribrata
1597 2273 1845 2333 misceto
1884 2289 2022 2333 cum
2050 2290 2244 2352 passo.

209 2361 344 2422 Hoc
391 2361 532 2422 facit
579 2368 640 2421 et
685 2360 758 2421 ad
806 2378 927 2440 eos,
975 2362 1079 2439 qui
1125 2359 1326 2421 cibum
1373 2368 1580 2421 tenere
1626 2378 1747 2420 non
1788 2369 2041 2439 possunt
2078 2379 2242 2422 eum-

208 2468 332 2530 que
377 2449 697 2510 vomitibus
744 2451 1060 2529 reiectant3
1107 2466 1244 2508 mox
1292 2466 1435 2527 ergo
1477 2448 1585 2509 ubi
1621 2448 1824 2509 cibum
1862 2451 2244 2529 sumpserint,

122 2555 179 2596 25
209 2539 352 2600 dato
398 2538 701 2618 pastillum
748 2537 820 2598 ad
867 2537 1111 2599 modum
1165 2540 1339 2598 nucis
1391 2536 1686 2598 avellanae
1733 2537 1807 2598 de
1855 2538 2244 2598 medicamine

210 2645 395 2708 supra
416 2630 642 2707 scripto
671 2635 733 2688 et
759 2628 830 2688 ad
859 2644 1145 2706 praesens
1166 2644 1268 2686 eos
1286 2624 1519 2687 abstine
1538 2621 1702 2706 potu,
1731 2628 1851 2687 cito
1871 2625 2245 2688 remediabiS.

393 2716 854 2797 Epithematium
911 2714 1496 2776 vehementissimum
1552 2715 1624 2775 ad
1681 2713 1882 2776 cibum
1929 2716 2243 2776 conficien·
2284 2721 2353 2772 75

210 2807 358 2866 dum
405 2808 516 2866 sic:
582 2804 914 2883 Zingiberis
961 2823 1035 2864 ex
1080 2810 1248 2864 aceto
1295 2805 1580 2864 macerati
1624 2801 1687 2865 P.
1726 2803 1778 2884 1,
1827 2806 2247 2883 auripigmenti

211 2894 276 2955 P.
316 2892 359 2972 1,
408 2893 669 2955 faeculae
718 2893 780 2953 P.
808 2893 853 2974 Ι,
900 2891 1079 2953 calcis
1118 2894 1282 2953 vivae
1322 2892 1482 2971 drag.
1520 2891 1592 2972 11,
1639 2893 1928 2971 sinopidis
1964 2892 2245 2953 Ponticae

120 2999 182 3039 so
212 2983 278 3044 P.
325 2982 381 3058 Ι,
433 2982 645 3043 lixivae
692 2979 755 3041 5*
801 2981 853 3062 13
912 2983 1054 3043 trita
1109 2980 1255 3042 haec
1312 2984 1375 3041 in
1431 2979 1605 3040 ollam
1660 2999 1872 3042 novam
1926 2982 2129 3042 mittes
2185 2990 2247 3043 et

214 3072 448 3133 fervere
493 3072 677 3132 facies
724 3070 927 3153 simul,
983 3069 1172 3130 donec
1227 3069 1422 3130 mellis
1469 3069 1926 3131 crassitudinem
1971 3069 2245 3150 habeant,

213 3168 280 3221 et
322 3179 461 3222 cum
508 3178 660 3238 opus
707 3160 916 3240 fuerit,
969 3157 1214 3219 inducta
1267 3176 1465 3237 panno
1522 3157 1710 3219 calida
1750 3158 2096 3220 visceribus
2148 3158 2246 3219 ad-

214 3268 421 3328 poneS.
481 3249 631 3310 Cum
668 3248 784 3309 ibis
822 3248 1165 3328 dormitum,
1200 3247 1520 3327 zingiberis
1557 3247 1857 3310 modicum
1896 3246 2006 3308 sub
2043 3246 2246 3325 lingua
2285 3254 2352 3304 76

214 3346 417 3400 teneto
474 3347 535 3399 et
590 3355 663 3398 ex
716 3355 896 3417 posca
960 3335 1146 3397 calida
1210 3354 1421 3397 manus
1485 3335 1639 3418 lava,
1703 3338 1926 3414 optime
1992 3335 2245 3413 digeres.

239 3539 242 3542 ⁴
398 3479 428 3527 2
469 3472 805 3530 storachem.
951 3477 982 3526 9
1021 3470 1265 3526 oximeli.
1415 3477 1481 3526 10
1518 3469 1778 3540 accipiat.
1916 3475 1979 3523 12
2019 3469 2246 3539 digeris.

218 3544 364 3618 veri]
401 3542 537 3600 vivi.
686 3549 751 3597 18
789 3542 1040 3612 apprime
1079 3543 1405 3598 Cornarius.
1531 3555 1906 3609 conqnoques.
2043 3545 2113 3596 24
2149 3540 2250 3597 ubi

219 3631 321 3671 om.
464 3620 535 3670 29
574 3614 855 3683 senopidis
892 3613 1204 3683 pontiacae.
1353 3618 1423 3667 34
1461 3612 1710 3680 degeres.
