2575 4092
1069 294 1144 303 —
1240 257 1550 322 240—

294 439 472 500 quam
519 420 699 481 alium
747 423 1064 483 manducet
1109 421 1341 482 infusos
1389 423 1450 482 in
1498 440 1675 502 aqua,
1723 438 1872 500 quos
1915 421 2184 480 incoctos
2233 420 2330 480 veI

293 517 416 570 tres
474 517 576 570 aut
630 529 701 571 eo
759 510 1038 592 ampliuS,
1095 510 1254 590 quod
1312 518 1511 571 tamen
1566 528 1686 570 non
1734 511 1813 571 sit
1858 511 2135 589 nimium,
2193 511 2328 569 sine

294 617 445 676 pane
491 599 851 661 manducare
898 599 1092 660 dehet.

184 702 255 752 56
470 687 627 749 Nitri
680 688 801 749 albi
852 688 1197 750 matronalis
1241 689 1458 767 pilulas
1506 691 1770 770 quinque
1827 687 1920 748 vel
1976 694 2206 766 septem
2265 689 2333 747 in

296 784 462 837 aceto
519 780 810 839 acerrimo
869 776 1089 858 solveS‚
1146 797 1216 838 ex
1276 798 1394 858 quo
1453 776 1717 856 singulos
1773 777 2015 856 cyathos
2067 794 2175 854 per
2223 778 2331 836 tri·
2360 791 2389 832 ⁶

189 881 256 929 57
297 866 482 926 duum
536 865 764 927 lienoso
811 868 1013 929 ieiuno
1060 866 1351 927 bibendos
1399 866 1582 929 dahis.
1667 865 1863 926 Herba
1909 867 2207 927 vettonica
2254 883 2331 924 ex

300 957 433 1015 vino
481 954 727 1017 decocta
774 964 833 1016 et
877 957 1048 1034 potui
1092 955 1336 1017 lienosis
1384 955 1517 1016 data
1564 955 1890 1034 plurimum
1936 954 2198 1034 prodest.

185 1054 253 1104 58
473 1044 538 1104 Si
585 1045 720 1123 quis
766 1043 840 1104 de
888 1043 1093 1122 splene
1138 1047 1288 1105 asini
1326 1045 1585 1129 arefacto
1625 1043 1868 1105 cottidie
1905 1045 2143 1104 ieiunus
2182 1060 2329 1120 pau·

293 1133 490 1194 sillum
536 1132 871 1212 manducet,
917 1134 1001 1192 ita
1046 1141 1325 1211 potenter
1371 1132 1694 1214 sanabitur,
1740 1141 1809 1194 ut
1854 1134 2012 1193 intra
2057 1131 2330 1192 triduum

186 1232 254 1280 59
296 1221 519 1281 utilitas
574 1219 825 1281 remedii
880 1219 1059 1281 huius
1117 1229 1413 1301 appareat.
1506 1221 1704 1283 Herba
1748 1221 2021 1301 hippuris
2068 1222 2329 1281 contrita
2360 1235 2414 1275 ιο

294 1318 354 1369 et
400 1327 538 1370 cum
582 1311 719 1369 vino
768 1305 1007 1370 austero
1056 1318 1159 1371 aut
1204 1329 1344 1371 cum
1391 1309 1644 1391 oxymeli
1696 1312 1866 1391 potui
1925 1310 2060 1370 data
2115 1316 2327 1389 poten-

187 1399 526 1479 oodtissime
580 1396 825 1459 lienosis
873 1401 1190 1460 succurrit.
1273 1399 1543 1460 Hederae
1590 1399 1889 1460 silvaticae
1935 1400 2138 1477 nigrae
2186 1397 2328 1458 folia

297 1489 553 1547 contrita
591 1494 651 1548 et
687 1506 761 1548 ex
788 1489 925 1548 vino
957 1490 1127 1568 potui
1155 1489 1291 1549 data
1318 1487 1563 1549 lienosis
1590 1489 1845 1549 maximo
1874 1487 2089 1548 auxilio
2129 1495 2328 1567 erunt,

296 1578 377 1637 ita
413 1584 482 1637 ut
516 1578 711 1655 primo
750 1576 845 1637 die
879 1578 1011 1657 tria,
1050 1576 1264 1638 deinde
1296 1579 1579 1660 quinque,
1616 1579 1794 1638 tertio
1824 1584 2071 1656 septem,
2112 1583 2328 1655 quarto

295 1683 525 1747 novem,
565 1667 772 1743 quinto
801 1665 1099 1747 undecim,
1138 1674 1305 1727 sexto
1334 1666 1642 1746 tredecim,
1682 1667 1935 1744 septimo
1966 1665 2328 1746 quindecim,
2357 1679 2411 1720 15

297 1761 502 1814 octavo
550 1752 725 1837 XVII,
772 1773 929 1816 nono
976 1754 1205 1834 XVIIII,
1251 1755 1483 1816 decimo
1531 1753 1666 1814 XXI
1714 1753 1949 1815 dentur.

189 1854 255 1902 61
473 1841 866 1904 Utilissimum
911 1842 1154 1904 lienosis
1198 1844 1314 1904 hoc
1352 1843 1685 1905 remedium
1723 1851 1840 1904 est:
1888 1842 2111 1921 Caprae
2150 1842 2328 1902 lacta-

294 1949 393 1991 res
448 1931 825 1993 ahstinentur
880 1951 914 1992 a
970 1931 1103 1993 cibo
1169 1950 1276 2012 per
1341 1932 1640 2013 trIduum,
1704 1933 1884 1993 tertio
1951 1932 2046 1992 die
2103 1930 2329 1991 hedera

294 2021 703 2083 tantummodo
763 2029 1109 2083 saturantur
1163 2028 1224 2082 et
1273 2020 1653 2102 mulguntur,
1718 2027 2035 2099 antequam
2091 2019 2330 2101 bibant3

293 2111 346 2169 si
410 2127 483 2169 ex
548 2128 618 2170 eo
684 2110 834 2170 lacte
900 2111 1191 2170 sextarios
1252 2117 1378 2171 tres
1432 2128 1543 2188 per
1597 2109 1864 2170 triduum
1921 2108 2142 2169 calidos
2210 2117 2331 2169 sta·
2359 2123 2415 2163 20

293 2199 429 2278 tim,
488 2198 783 2276 quomodo
842 2198 1016 2258 mulsi
1081 2199 1336 2279 fuerint,
1396 2200 1632 2259 ieiunus
1697 2198 1962 2258 lienosus
2026 2199 2330 2277 acceperit

291 2287 399 2366 ita,
448 2295 514 2345 ut
562 2284 756 2345 nullos
811 2285 956 2346 alios
1013 2286 1179 2347 cibos
1234 2286 1334 2347 illo
1392 2287 1594 2349 triduo
1646 2286 1990 2368 manducet,
2044 2294 2328 2366 potenter

290 2372 614 2435 sanabitur.

186 2474 253 2524 62
470 2461 737 2524 Irenacei
790 2463 910 2523 lien
956 2481 1126 2524 assus
1172 2466 1235 2523 in
1282 2463 1417 2525 cibo
1465 2473 1739 2543 sumptus
1787 2464 2080 2526 lienosum
2126 2463 2327 2524 effica-

184 2563 251 2612 63
293 2553 444 2612 citer
489 2569 701 2612 curare
739 2554 948 2613 fertur.
1021 2551 1379 2631 Vulpeculae
1420 2556 1598 2613 etiam
1634 2555 1803 2614 iecur
1839 2553 2072 2614 aridum
2112 2553 2328 2614 tritum
2357 2567 2410 2608 2⁵

186 2651 255 2699 64
293 2657 430 2699 cum
485 2640 742 2719 oxymeli
793 2642 997 2702 datum
1055 2641 1299 2702 lienosis
1363 2644 1514 2703 mire
1581 2641 1871 2704 medetur.
1972 2640 2329 2703 Coclearum

294 2726 742 2790 combustarum
781 2732 931 2790 cinis
980 2749 1115 2790 cum
1162 2731 1269 2790 lini
1318 2733 1541 2791 semine
1591 2738 1768 2810 atque
1816 2732 2044 2791 urticae
2092 2732 2327 2792 semine

295 2819 474 2878 tritus
513 2817 744 2878 adiecto
784 2817 975 2901 melle,
1023 2818 1181 2898 quod
1220 2822 1365 2880 satis
1405 2818 1719 2901 videbitur,
1767 2819 2011 2880 adsidue
2050 2837 2083 2879 a
2119 2820 2326 2879 ieiuno

187 2918 253 2965 65
295 2906 520 2967 lienoso
568 2914 850 2986 acceptus
896 2909 1051 2968 intra
1098 2927 1321 2987 paucos
1365 2908 1491 2969 dies
1530 2926 1667 2968 eum
1707 2908 1952 2970 sanabit.
2027 2907 2326 2969 Lienosus

293 2996 531 3073 oxyfera
579 2994 821 3057 adsidue
869 2994 1075 3056 hibere
1124 2996 1303 3059 dehet
1349 3005 1409 3058 et
1455 2997 1597 3058 dum
1645 3005 1908 3077 curatur,
1946 2999 2009 3056 in
2046 3003 2325 3058 ventrem
2351 3013 2408 3052 ao

184 3095 252 3144 66
292 3082 469 3144 debet
513 3085 726 3145 iacere.
799 3084 954 3145 Ruta
992 3104 1129 3146 cum
1166 3085 1339 3164 adipe
1377 3088 1653 3147 anserino
1691 3085 1785 3147 vel
1821 3085 2142 3165 gallinaceo
2180 3104 2325 3146 con-

113 3210 121 3218 ·
185 3185 252 3233 67
293 3174 431 3232 trita
480 3190 675 3250 panno
721 3172 964 3234 inducta
1012 3182 1071 3235 et
1116 3174 1256 3235 lieni
1307 3176 1563 3254 inposita
1602 3175 1768 3236 sedat
1806 3175 2086 3236 dolorem.
2154 3172 2323 3235 Ster-

294 3280 402 3322 cus
440 3279 735 3340 aprunum
766 3264 992 3324 siccum
1022 3266 1347 3325 contritum
1378 3283 1450 3324 ex
1479 3266 1613 3325 vino
1641 3265 1811 3343 potui
1838 3264 2043 3325 datum
2070 3263 2325 3343 pulchre

291 3368 413 3411 non
460 3349 660 3463 solun&
698 3350 939 3435 spleniS,
986 3352 1092 3414 sed
1138 3360 1199 3413 et
1245 3355 1480 3413 renium
1527 3352 1719 3413 dolori
1762 3352 2054 3413 medetur.

473 3492 536 3539 11
588 3486 869 3556 oxymelli.
982 3493 1047 3541 19
1093 3487 1424 3557 mulguntur
1461 3488 1601 3558 (sic).
1710 3494 1781 3543 20
1815 3488 2089 3560 triduum]
2130 3487 2328 3544 duum.

293 3561 363 3608 24
397 3555 686 3613 irenascei.
814 3563 882 3611 25
920 3573 1113 3613 curare
1149 3559 1353 3630 fertur]
1390 3575 1611 3613 arcurre
1647 3560 1901 3615 refertur.
2026 3558 2324 3629 vulpiculi.

294 3630 363 3678 26
400 3626 661 3683 oximelli.
807 3633 877 3681 28
915 3628 1153 3686 adlectO.
1298 3637 1367 3684 29
1406 3633 1682 3699 acceptos.
1827 3636 1897 3685 34
1933 3630 2207 3685 medatur.
