2575 4092
1121 232 1563 297 —94-

1158 412 1315 473 CAP.
1363 411 1537 472 VlIll.

468 525 578 581 Ad
622 524 894 580 aurium
939 524 1211 581 dolores
1255 524 1617 581 universos
1667 527 1737 579 et
1780 524 1948 580 vitia
1994 525 2221 581 omnia

1065 617 1136 669 et
1179 613 1620 682 surdigtnom.

259 763 289 812 1
507 750 685 811 Fellis
730 752 961 830 caprini
1000 744 1078 838 9-
1117 749 1159 832 1,
1206 749 1400 811 mellis
1442 742 1522 836 ,9-
1563 750 1586 810 1
1634 757 1910 811 conteres
1948 758 2010 811 et
2045 752 2107 810 in
2146 751 2366 830 strigili

328 839 636 901 calefacies
683 848 743 900 et
788 839 1066 901 infundes
1119 847 1179 900 et
1224 839 1357 900 lana
1405 839 1687 901 occludes
1732 857 1956 899 aurem.
2038 838 2199 900 Nihil
2244 840 2363 901 hoc

327 930 714 991 medicamine
762 931 1066 1007 potentius
1110 947 1306 1007 neque
1353 930 1606 1009 certius,
1663 929 1840 989 etiam
1888 931 1939 988 si
1993 930 2362 990 intrinsecus

256 1030 288 1078 2
328 1021 773 1079 canceraverint
814 1036 1006 1079 aures,
1072 1018 1293 1078 Porros
1334 1019 1611 1098 virgines,
1657 1017 1716 1077 id
1757 1025 1850 1078 est
1887 1036 2007 1077 non
2044 1017 2360 1098 plantatoS,

326 1109 522 1187 inpari
566 1125 818 1168 numero
864 1116 926 1167 et
962 1106 1288 1168 lumbricos
1326 1114 1602 1167 terrenos
1639 1108 1836 1185 inpari
1874 1124 2121 1168 numero
2159 1109 2362 1187 capies
2390 1121 2419 1162 5

317 1204 379 1257 et
434 1195 611 1257 simul
668 1215 742 1257 ex
799 1194 929 1256 oleo
977 1198 1201 1275 optimo
1250 1196 1323 1255 ad
1372 1197 1580 1256 tertias
1638 1195 1938 1274 decoques
1984 1204 2046 1257 et
2090 1196 2364 1275 tepidum

255 1298 287 1346 3
326 1284 466 1346 inde
522 1284 681 1365 quod
738 1284 992 1346 sufficiat
1046 1284 1327 1346 infundes
1381 1283 1703 1345 auriculae.
1794 1284 1976 1345 Laser
2023 1303 2157 1346 cum
2205 1284 2363 1345 lacte

326 1392 590 1453 capruno
636 1376 871 1434 incocto
918 1375 1148 1435 recenti
1193 1372 1475 1435 miscebis
1533 1380 1594 1433 et
1648 1372 1787 1434 inde
1835 1392 2011 1435 aures
2056 1375 2225 1453 prius
2271 1375 2362 1434 di-

324 1462 455 1524 lues
510 1481 579 1524 ac
634 1471 839 1542 postea
894 1463 972 1523 fel
1027 1465 1329 1523 taurinum
1387 1469 1448 1523 et
1511 1461 1708 1523 oleum
1774 1463 2086 1524 cedrinum
2149 1466 2361 1542 aequis

322 1551 700 1631 portionibus
737 1553 988 1613 mixtum
1026 1559 1236 1631 tepens
1271 1551 1581 1613 infundes:
1618 1550 1733 1612 hoc
1763 1551 2001 1612 dolores
2027 1554 2176 1612 mire
2206 1551 2357 1612 mul-
2389 1566 2450 1606 ιο

325 1649 422 1702 cet
466 1649 527 1702 et
574 1641 820 1703 dubium
867 1641 1136 1702 auditum
1182 1641 1496 1702 confirmat
1533 1647 1592 1701 et
1630 1658 1743 1719 pus
1782 1640 2095 1702 collectum
2136 1659 2360 1720 expur-

252 1744 288 1792 4
325 1738 438 1809 gat.
523 1729 915 1791 Coriandrum
962 1730 1150 1791 viride
1198 1737 1361 1790 teres
1417 1736 1477 1790 et
1531 1732 1593 1790 in
1652 1731 1773 1789 vini
1819 1730 2028 1809 cyatho
2076 1729 2361 1791 miscebis

325 1826 387 1879 et
431 1818 653 1880 colabis
699 1828 760 1881 et
803 1819 935 1881 lana
982 1818 1143 1880 molli
1178 1820 1243 1880 in
1281 1836 1490 1880 aurem
1526 1817 1844 1880 instillabis
1881 1826 1942 1879 et
1979 1818 2185 1879 eadem
2223 1818 2358 1879 lana

253 1921 285 1970 5
323 1907 602 1969 obstrues
649 1927 870 1969 aurem.
934 1908 1024 1968 Ad
1072 1926 1266 1988 aureS,
1315 1925 1465 1988 quae
1512 1909 1771 1985 graviter
1817 1907 2021 1969 dolent
2057 1916 2117 1969 et
2152 1916 2360 1969 vetera

325 1997 568 2059 vulnera
623 1999 984 2058 intrinsecus
1039 1996 1287 2072 habent,
1353 1995 1544 2057 mellis
1601 1998 1810 2075 optimi
1865 2015 2044 2057 unam
2102 2006 2356 2078 partem,
2385 2012 2448 2053 15

324 2088 476 2145 aceti
531 2088 808 2147 acerrimi
861 2086 1010 2146 duas
1064 2093 1264 2165 partes
1323 2086 1604 2146 confusas
1660 2085 1961 2165 decoques
2017 2086 2356 2147 fervoribus

323 2172 516 2233 tribus
573 2182 634 2235 et
686 2173 920 2252 longius
967 2192 1035 2234 ea
1082 2173 1155 2234 ab
1200 2176 1339 2253 igne
1385 2173 1737 2257 removebis,
1784 2174 1974 2236 donec
2020 2183 2357 2236 commotus

322 2263 521 2322 fervor
556 2265 965 2343 conquiescat3
1011 2270 1141 2323 tum
1186 2264 1410 2324 nitrum
1459 2263 1641 2323 addes
1679 2282 1751 2324 eo
1790 2282 2000 2344 usque,
2048 2264 2236 2325 donec
2278 2283 2356 2324 ex

323 2369 538 2429 vapore
580 2369 863 2430 agnoscas
909 2354 1134 2414 nitrum
1180 2352 1480 2412 resedisse
1533 2360 1593 2413 et
1639 2354 1860 2414 iterum
1905 2352 2026 2413 leni
2071 2355 2208 2432 igne
2255 2371 2354 2414 re-

321 2458 568 2521 coqueS,
623 2458 698 2501 ne
744 2440 1049 2522 efferveat3
1104 2448 1250 2502 tunc
1305 2440 1487 2501 addes
1533 2439 1613 2500 fel
1657 2441 1957 2503 hircinum
2004 2442 2096 2503 vel
2142 2461 2355 2521 capru-
2385 2457 2448 2497 20

321 2547 465 2590 num
510 2529 599 2590 vel
648 2531 950 2591 verrinum
998 2537 1101 2591 aut
1147 2531 1489 2611 porcinum,
1544 2529 1687 2590 dum
1734 2549 1854 2592 non
1900 2531 1975 2591 de
2023 2532 2243 2612 scrofa,
2291 2539 2357 2594 et

321 2618 721 2679 commovebis
777 2626 839 2679 et
892 2621 1112 2680 iterum
1172 2636 1512 2697 concoques
1577 2637 1646 2680 ac
1702 2619 2023 2699 tepefacies
2088 2628 2149 2681 et
2210 2621 2355 2681 inde
2564 2583 2570 2692 0

250 2720 281 2768 o
321 2715 608 2785 quantum
656 2709 800 2768 satis
846 2716 939 2768 est
984 2707 1229 2768 auribus
1275 2707 1540 2768 infunde.
1614 2708 1813 2787 Adeps
1861 2727 2140 2770 ranarum
2185 2708 2354 2788 palu·
2566 2737 2567 2740 ¹

322 2797 536 2857 strium
590 2795 907 2875 liquefacta
963 2798 1017 2857 si
1071 2804 1281 2876 tepens
1337 2799 1399 2857 in
1447 2814 1624 2857 aures
1679 2797 2056 2879 infundatur,
2111 2798 2354 2859 dolores

252 2898 281 2946 ’1
321 2887 536 2945 nimios
583 2884 890 2964 mitigabit.
955 2885 1135 2946 Dolor
1172 2887 1409 2946 aurium
1447 2885 1690 2946 sedatur
1732 2889 1908 2947 etiam
1945 2889 2158 2948 canino
2196 2887 2353 2949 lacte
2384 2901 2445 2942 2⁵

250 2987 281 3036 8
322 2981 382 3034 et
427 2975 653 3053 ursino,
699 2976 753 3035 si
796 2992 1008 3036 recens
1054 2974 1396 3035 instilletur.
1490 2974 1740 3035 Terreni
1786 2995 2020 3036 vermes
2065 2995 2203 3037 cum
2250 2996 2355 3037 an-

321 3064 472 3123 seris
537 3063 708 3142 adipe
772 3062 864 3123 vel
927 3081 1064 3124 cum
1126 3063 1256 3124 oleo
1315 3063 1552 3124 decocti
1606 3065 1734 3125 sine
1789 3064 1970 3126 dubio
2034 3066 2357 3127 medentur

248 3165 281 3214 9
320 3150 566 3212 auribus
603 3151 955 3231 purulentis.
999 3151 1184 3213 Urina
1221 3154 1352 3231 apri
1391 3160 1665 3213 servatur
1701 3155 1763 3214 in
1792 3157 1964 3235 vitro,
2001 3155 2105 3215 sed
2135 3155 2354 3217 melius

318 3259 457 3301 cum
504 3242 697 3301 vesica
742 3243 950 3322 ipsiuS,
997 3240 1293 3320 quomodo
1340 3244 1396 3302 ei
1434 3241 1665 3302 sublata
1700 3243 1909 3323 fuerit3
1954 3243 2100 3304 haec
2138 3251 2355 3324 tepens

216 3343 281 3392 10
319 3330 514 3390 infusa
560 3329 808 3391 auribus
852 3333 1028 3392 unice
1074 3325 1337 3409 prodest.
1427 3329 1719 3392 Bestiolae
1766 3332 2149 3413 multipedeS,
2198 3352 2352 3413 quae
2383 3347 2447 3388 30

461 3471 493 3519 2
531 3465 791 3520 infundes
827 3465 888 3520 in
923 3467 1057 3520 lana.
1091 3466 1152 3521 et
1187 3465 1475 3520 obcluden.
1621 3471 1656 3520 4
1691 3465 1945 3536 virginis.
2091 3471 2125 3521 5
2159 3469 2353 3539 capies

317 3550 418 3592 om.
561 3543 628 3592 16
665 3538 1003 3607 dequoques.
1130 3543 1201 3592 20
1238 3536 1530 3594 efferveat.
1659 3539 1992 3610 capi-unum]
2032 3556 2353 3611 aprugnum

322 3606 639 3664 Gornarius.
784 3614 852 3663 21
891 3610 992 3664 aut
1026 3624 1126 3664 om.
1273 3613 1343 3663 25
1379 3607 1516 3663 late.
