2575 4092
1143 242 1216 253 —
1315 206 1626 273 350—

261 385 334 434 21-
371 372 597 435 utiliter
653 379 880 433 curant.
973 370 1213 451 Caprini
1269 372 1417 431 corii
1476 371 1626 430 cinis
1685 387 1755 429 ex
1814 367 1943 429 oleo
1998 366 2207 428 inlitus
2265 385 2398 446 per-

260 474 329 524 22
368 463 578 522 niones
614 463 805 539 prime
835 459 1047 521 abolet.
1112 459 1457 521 Testudinis
1488 467 1766 537 tegumen
1794 464 2210 518 concrematur
2241 458 2396 516 eius-

369 568 485 629 que
552 548 740 610 favilla
806 568 879 610 ex
935 550 1070 609 vino
1132 556 1191 608 et
1245 548 1377 608 oleo
1426 547 1754 626 temperata
1807 544 2111 607 ulceribus
2173 544 2397 624 pedum

262 650 328 700 23
367 636 594 700 utiliter
656 637 978 699 inducitur.
1073 636 1285 698 Scillae
1351 636 1516 697 bulbi
1583 635 1739 715 quod
1794 636 2048 695 interius
2104 643 2200 694 est
2257 652 2395 694 cum

368 727 498 788 oleo
545 726 812 787 defervet
858 744 1047 805 eoque
1096 726 1225 786 oleo
1273 725 1508 787 dolores
1554 726 1911 804 pernionum
1963 724 2245 801 peruncti
2290 724 2397 783 mi·
2423 740 2447 780 5
2548 787 2549 810 3

368 823 622 877 tescunt.
2548 813 2549 872 l

261 916 332 966 24
546 904 711 964 Mora
766 906 1046 985 agrestia,
1102 905 1243 966 dum
1301 903 1495 964 adhuc
1549 901 1794 982 rubent,
1851 907 2169 979 antequam
2213 899 2400 961 ullius
2548 879 2549 924 ¹

368 995 606 1073 generis
650 1011 885 1054 morum
923 993 1273 1073 comederiS,
1319 994 1477 1053 inter
1512 1009 1724 1052 manus
1767 990 2027 1051 confrica
2065 1006 2399 1068 eorumque

369 1100 512 1143 suco
551 1100 746 1162 crura,
784 1099 935 1160 quae
975 1080 1174 1141 dolere
1215 1087 1601 1161 consuerunt,
1638 1098 1747 1158 per
1782 1079 2046 1140 triduum
2085 1080 2400 1158 continge3
2548 1133 2549 1170 1

368 1189 488 1231 non
543 1169 717 1230 modo
773 1176 1148 1248 praesentem
1203 1169 1532 1230 molestiam
1581 1167 1905 1249 mitigabiS,
1961 1184 2170 1227 verum
2216 1169 2402 1227 etiam
2429 1191 2475 1229 ιο
2548 1175 2549 1244 l

367 1260 427 1317 in
477 1258 776 1337 reliquum
821 1265 1059 1336 tempus
1104 1276 1175 1318 eo
1223 1260 1367 1319 vitio
1415 1257 1662 1319 carebis

262 1358 332 1409 26
548 1345 821 1407 Aluminc
869 1365 941 1407 ex
987 1355 1154 1408 aceto
1201 1350 1478 1426 peruncti
1515 1348 1837 1425 perniones
1874 1354 2185 1425 sanantur3
2230 1343 2400 1405 bras-

370 1437 489 1497 sica
540 1453 777 1515 quoque
824 1436 965 1496 trita
1012 1436 1400 1515 adpositaque
1447 1435 1836 1515 pernionibus
1881 1435 2172 1495 medetur.

261 1538 328 1587 26
547 1523 805 1606 Folium,
862 1532 1121 1604 costum,
1176 1525 1413 1585 alumen
1470 1523 1790 1606 liquidum,
1847 1522 2082 1584 alumen
2138 1524 2401 1583 scissum

368 1615 498 1692 pari
541 1614 806 1693 pondere
853 1615 915 1673 in
962 1632 1148 1674 unum
1196 1623 1438 1674 contere
1486 1621 1546 1674 et
1590 1614 1727 1674 vino
1774 1615 1962 1674 veteri
2009 1614 2191 1672 mixta
2238 1610 2401 1671 ulce·
2430 1632 2481 1672 15

369 1701 537 1762 ribus
586 1704 709 1762 sive
756 1704 1024 1782 rupturis
1071 1702 1375 1763 hiantibus
1420 1702 1807 1780 interdigitiis
1865 1700 2108 1762 adsidue
2158 1703 2400 1780 inpone,

262 1802 329 1853 27
367 1797 644 1869 potenter
691 1790 1022 1851 medebere.
1096 1790 1465 1870 Interdigitia
1504 1798 1671 1851 sanat
1707 1808 1845 1851 cera
1881 1792 1943 1850 in
1980 1788 2109 1849 oleo
2149 1792 2401 1868 cyprino

367 1880 616 1939 remissa
664 1887 723 1939 et
769 1881 1042 1959 inposita.

260 1980 328 2029 28
544 1967 754 2028 Pulmo
801 1970 1077 2029 cervinus
1123 1969 1420 2071 inpositus
1467 1975 1527 2028 et
1573 1985 1748 2047 saepe
1795 1975 2113 2028 renovatus
2161 1985 2232 2026 cx
2283 1965 2400 2027 cal-

262 2069 329 2117 29
370 2058 663 2117 ciamento
696 2057 892 2117 laesos
931 2056 1113 2134 pedes
1151 2059 1279 2116 sine
1318 2056 1520 2117 dolore
1548 2063 1842 2136 persanat.
1889 2055 2223 2135 Leporinus
2253 2074 2400 2134 quo·
2429 2075 2481 2115 ao

370 2161 485 2221 que
535 2143 735 2222 pulmo
783 2142 968 2204 multo
1018 2145 1320 2205 efficacius
1368 2153 1435 2205 ut
1483 2164 1662 2225 supra
1711 2147 2007 2224 inpositus
2056 2153 2245 2205 curat.

262 2244 329 2294 30
547 2231 635 2291 Ad
673 2250 759 2311 ea,
807 2249 958 2310 quae
997 2233 1217 2293 calcata
1255 2244 1450 2316 erunt,
1492 2241 1552 2294 et
1590 2252 1676 2314 ea,
1723 2252 1875 2313 quac
1912 2235 2151 2312 corpori
2197 2232 2403 2293 inbae-

372 2320 578 2400 serint,
626 2319 985 2380 extrahenda
1031 2320 1252 2399 leporis
1299 2323 1612 2401 coagulum
1659 2341 1795 2383 cum
1841 2321 2025 2383 malva
2061 2324 2274 2383 tritum
2313 2325 2401 2381 in-

261 2422 326 2471 31
371 2409 752 2487 positumque
808 2416 1084 2487 potenter
1141 2410 1545 2489 opitulabitur.
1631 2410 1883 2489 Sfongea
1938 2409 2030 2470 vel
2076 2409 2208 2470 lana
2255 2409 2400 2471 lotio

369 2496 693 2557 madefacta
756 2497 1141 2577 adpositaque
1208 2501 1335 2559 sine
1401 2498 1604 2560 dolore
1672 2517 1823 2579 quae
1889 2501 2127 2577 corpori
2193 2499 2397 2559 inbae-
2427 2518 2482 2559 ιε

369 2588 559 2646 serint
607 2587 827 2647 eximit.

261 2687 327 2736 32
547 2673 610 2735 Si
649 2677 854 2753 stirpis
892 2674 1084 2754 aliqua
1122 2675 1462 2757 inhaeserit,
1501 2676 1781 2737 lacertam
1818 2694 1927 2756 per
1955 2676 2221 2736 medium
2250 2679 2397 2737 scis-

373 2781 496 2824 sam
535 2766 593 2825 ei
630 2763 759 2824 loco
799 2766 1096 2846 apponito,
1136 2764 1446 2825 celerrime
1485 2766 1802 2845 educetur3
1850 2764 1940 2825 vel
1979 2766 2172 2843 capita
2210 2763 2398 2825 lacer-

369 2860 565 2913 tarum
614 2862 861 2914 contusa
910 2855 1282 2933 inpositaque
1332 2853 1604 2915 similiter
1648 2860 1919 2933 prosunt.

260 2952 326 3000 33
546 2940 609 3000 Si
648 2941 844 3001 echini
883 2941 1074 3002 aculei
1110 2941 1363 3020 pedibus
1391 2942 1757 3003 inhaeserint
1786 2950 1887 3003 aut
1915 2940 2093 3002 alicui
2122 2944 2398 3021 corporis
2426 2962 2477 3002 so

363 3029 546 3109 parti,
593 3031 655 3089 in
702 3029 844 3089 lotio
892 3030 1150 3090 humano
1198 3029 1412 3090 calenti
1457 3031 1669 3110 pedem
1718 3031 1820 3091 di'u
1867 3039 2023 3110 tene,
2075 3030 2248 3091 facile
2298 3049 2396 3091 ex-

365 3118 688 3178 cutientur.

258 3218 331 3267 34
546 3205 921 3287 ObservabiS,
959 3213 1028 3267 ut
1067 3208 1481 3287 quodcumque
1520 3208 1592 3269 de
1634 3226 1885 3287 corpore
1925 3208 2108 3268 fuerit
2137 3210 2397 3269 eiectum

366 3293 500 3355 licio
548 3295 851 3373 alligatum
897 3295 1252 3357 candelabro
1301 3296 1627 3375 suspendas
1671 3307 1774 3358 aut
1809 3303 1988 3358 uncta
2028 3296 2157 3357 oleo
2196 3295 2397 3357 lanula

543 3506 574 3553 5
612 3500 913 3557 mitiacunt.
1083 3509 1147 3557 16
1188 3501 1581 3585 interdigitiis]
1622 3502 1990 3583 interdigitia..
2148 3508 2218 3556 23
2256 3519 2394 3571 qua.-

364 3567 574 3635 gulum.
721 3574 788 3624 25
829 3586 1073 3642 corpore.
1220 3579 1290 3628 27
1328 3574 1376 3626 si
1413 3590 1511 3629 om.
1662 3578 1731 3628 28
1769 3572 2054 3644 opponito.
