2575 4092
1003 239 1482 303 -341—

220 402 607 481 temptaverit
651 399 746 461 vel
790 402 906 461 iam
954 402 1353 483 occupaverit,
1399 401 1702 463 Andronei
1747 403 1967 483 pastilli
2011 406 2141 465 triti
2183 423 2256 465 ex

220 492 364 552 vino
410 490 676 569 impositi
720 488 872 550 bene
920 489 1161 551 faciunt.

407 578 597 639 Omne
642 577 817 639 ulcus
861 580 926 639 in
973 580 1134 640 omni
1177 587 1348 660 parte
1395 582 1665 660 corporis
1713 581 2047 663 sordidum,
2095 582 2253 662 quod
2292 597 2325 645 3

220 676 359 729 tum
402 667 653 746 intelligi
700 675 925 748 potest,
981 686 1118 729 cum
1166 668 1440 730 candicat
1486 676 1547 730 et
1593 672 1762 749 quasi
1813 679 2076 732 crustam
2122 689 2255 750 per·

161 780 191 822 5
224 757 470 818 ductam
517 756 709 817 albam
745 755 944 839 habet,
986 766 1204 837 purgat
1241 756 1359 818 mel
1394 776 1503 837 per
1541 776 1604 819 se
1643 758 1981 837 adpositum
2019 759 2111 820 vel
2148 762 2256 821 iris

222 846 394 907 arida
431 852 679 907 contusa
719 844 833 923 [et]
874 864 1011 907 cum
1051 844 1253 927 melle3
1292 846 1497 907 eadem
1534 849 1764 908 ratione
1805 858 1866 908 et
1894 857 2090 909 terrae
2118 848 2258 910 mali

222 942 287 995 et
352 936 591 1014 panacis
655 934 823 995 radix
887 935 1153 1013 adposita
1220 946 1436 1015 purgat
1496 936 1736 997 sordida
1792 934 1992 998 ulcera
2047 936 2140 997 vel
2192 940 2256 998 in

221 1023 507 1084 verendis
553 1022 646 1084 vel
692 1041 931 1102 quoquo
977 1024 1093 1085 loci
1139 1024 1382 1086 fuerint.

406 1110 655 1173 Mirifice
709 1111 822 1173 hoc
870 1112 1370 1175 medicamentum
1423 1121 1638 1193 purgat
1693 1112 1894 1175 ulcera
1942 1113 2256 1196 quaelibet,
2293 1126 2328 1175 4

136 1225 195 1265 10
228 1203 409 1262 etiam
467 1202 519 1262 si
575 1219 789 1262 cancer
844 1204 1247 1283 temptaverit3
1309 1210 1401 1267 est
1461 1211 1657 1264 autem
1715 1201 1877 1276 lene,
1937 1203 2255 1264 conficitur

226 1292 345 1351 sic:
391 1289 827 1369 Auripigmenti
876 1290 927 1351 X
963 1285 1053 1371 vl,
1101 1292 1256 1352 aeris
1303 1309 1582 1371 squamae
1622 1291 1673 1352 X
1709 1291 1807 1372 III,
1856 1291 2087 1353 elaterii
2126 1291 2177 1352 X
2212 1291 2256 1371 1,

227 1380 469 1441 chartae
516 1379 862 1440 combustae
909 1382 1128 1441 cineris
1175 1379 1226 1439 X
1264 1379 1362 1441 III.
1436 1379 1525 1440 Ex
1571 1380 1666 1441 his
1714 1382 1872 1441 tritis
1919 1399 2056 1442 cum
2102 1398 2256 1459 opus

219 1470 324 1530 'est
388 1467 680 1528 coclearia
739 1470 851 1529 tria
909 1486 1080 1529 rosae
1138 1469 1351 1548 cyatho
1405 1471 1844 1548 permiscentur
1900 1478 1961 1531 et
2015 1469 2256 1530 linteola

229 1564 435 1635 carpta
498 1558 563 1617 in
626 1574 697 1617 00
754 1559 1068 1636 tinguntur
1123 1566 1301 1638 atque
1357 1560 1439 1619 ita
1495 1556 1683 1619 ulceri
1741 1565 2258 1638 superponuntur3

141 1669 198 1711 ιε
228 1646 346 1707 boc
385 1646 880 1707 medicamentum
919 1648 1037 1707 cito
1077 1657 1136 1708 et
1172 1648 1302 1708 sine
1341 1644 1461 1707 ullo
1500 1664 1706 1707 morsu
1745 1656 2034 1725 expurgat
2072 1646 2258 1707 sordi-

231 1735 476 1796 dissima
523 1734 723 1798 ulcera
771 1753 839 1796 ac
887 1742 1071 1795 sanat.
1097 1759 1114 1768 -

411 1822 709 1903 Testibu8,
748 1825 853 1903 qui
889 1823 1327 1902 descenderint,
1366 1840 1638 1903 spumam
1666 1823 2001 1884 coclearum
2030 1823 2258 1885 inlitam
2296 1835 2328 1885 5

230 1912 461 1973 mederi
507 1919 739 1973 certum
787 1918 896 1993 est,
944 1915 995 1972 si
1041 1911 1178 1972 inde
1225 1918 1563 1990 tangantur.

411 1999 703 2061 Venerem
733 2002 1060 2062 concitant
1114 2018 1389 2079 passeres
1446 2002 1510 2061 in
1558 2000 1692 2061 cibo
1741 2003 1961 2079 sumpti
2016 1999 2108 2061 vel
2153 2019 2261 2061 ova
2298 2015 2331 2063 6

18 2104 32 2113 ·
148 2113 204 2153 20
234 2107 470 2170 eorum3
509 2092 649 2150 item
689 2089 1047 2168 gallinaceus
1085 2091 1256 2151 testis
1294 2089 1502 2150 dexter
1539 2091 1600 2150 in
1644 2091 1892 2150 arietina
1929 2088 2081 2168 pelle
2110 2088 2260 2150 collo

234 2177 565 2256 subligatus
614 2180 761 2239 mire
810 2178 1079 2259 prodest3
1125 2179 1267 2239 item
1315 2177 1606 2240 stellionis
1644 2179 1796 2239 cinis
1833 2179 1898 2239 in
1934 2178 2117 2240 linteo
2158 2178 2259 2239 ob-

232 2267 471 2328 volutus
527 2269 768 2327 sinistra
822 2284 1002 2328 manu
1057 2275 1330 2346 portatus
1386 2284 1666 2328 venerem
1720 2265 2011 2346 stimulat,
2069 2275 2260 2328 trans-

233 2355 388 2416 latus
443 2355 691 2416 inhibet.
783 2354 899 2426 Qui
951 2358 1014 2416 in
1071 2374 1348 2417 venerem
1402 2356 1697 2417 infirmior
1750 2357 1892 2437 erit,
1947 2355 2260 2417 testiculos
2299 2367 2330 2416 7

234 2443 491 2505 milionis
539 2462 611 2504 ex
657 2462 810 2524 aqua
861 2444 1124 2524 fontana,
1182 2463 1333 2524 quae
1389 2446 1671 2523 perennis
1728 2453 1845 2525 est,
1903 2462 2040 2505 cum
2087 2444 2260 2505 melle

152 2554 206 2596 25
235 2534 514 2595 decoctos
570 2533 704 2594 edat
758 2534 997 2594 ieiunus
1052 2550 1161 2611 per
1216 2532 1511 2614 triduum3
1568 2534 1768 2594 statim
1815 2533 2259 2595 remediabitur.

410 2621 489 2682 Ut
532 2624 596 2682 in
642 2640 939 2702 venerem,
987 2640 1123 2682 cum
1169 2621 1449 2701 volueris,
1497 2623 1580 2682 sis
1626 2629 1886 2701 paratuS,
1932 2622 2260 2683 remedium
2300 2634 2333 2684 8

236 2710 350 2772 tale
379 2711 589 2772 facies:
624 2710 860 2772 Lacerti
889 2710 1261 2790 appellantur
1292 2713 1415 2771 sive
1445 2709 1765 2792 stelliones»,
1806 2712 1909 2789 qui
1937 2729 2045 2789 per
2073 2713 2263 2790 parie-

236 2807 359 2860 tem
404 2807 650 2880 repunt,
708 2801 866 2860 curti
912 2807 1052 2861 sunt
1100 2802 1322 2879 quique
1367 2798 1590 2859 Graece
1638 2798 2006 2859 ascalabotae
2053 2816 2261 2860 vocan-

238 2896 365 2969 tur3
421 2888 486 2948 hi
541 2895 826 2967 quattuor
879 2887 1283 2949 infunduntur
1338 2890 1399 2948 in
1460 2894 1694 2948 acetum
1743 2905 1878 2948 acre
1926 2886 2125 2948 triduo
2172 2887 2265 2948 vel

155 2999 210 3039 so
237 2977 595 3056 quadriduo,
651 2995 964 3056 quousque
1021 2984 1395 3057 putrescant3
1460 2976 1573 3037 hoc
1640 2985 1798 3037 teres
1854 2978 1915 3036 in
1981 2979 2262 3037 mortario

236 3074 296 3132 et
334 3066 619 3144 adiunges
657 3064 893 3144 galbani
1030 3064 1130 3146 IX,
1169 3064 1440 3126 abrotani
1470 3056 1548 3152 ,91
1580 3063 1704 3146 XII,
1743 3066 1999 3126 castorei
2030 3056 2108 3152 ,91
2139 3063 2264 3145 XII,

237 3154 543 3233 sulphuris
588 3156 706 3215 vivi
754 3146 833 3239 ,9-
873 3152 999 3234 XI,
1045 3155 1277 3214 resinae
1327 3153 1761 3215 terebinthinae
1811 3146 1890 3239 ,9-
1929 3152 2053 3234 XII,
2101 3157 2265 3214 croci

238 3236 317 3329 ,9-
347 3241 470 3323 XII,
508 3244 757 3324 euzomi,
795 3261 946 3321 quae
979 3241 1310 3322 appellatur
1338 3241 1523 3303 herba
1551 3245 1860 3324 mentiosa,
1898 3244 2030 3303 suci
2060 3234 2139 3327 ,9-
2168 3240 2262 3322 Vl,

416 3400 448 3450 5
495 3399 707 3465 purgat
750 3394 844 3449 vel
890 3413 991 3465 per
1037 3412 1096 3451 se
1142 3395 1240 3450 iris
1288 3396 1449 3451 arida
1497 3397 1732 3451 contusa
1777 3395 1871 3450 vel
1920 3411 2046 3449 cum
2096 3394 2265 3450 melle

237 3465 485 3522 Scribon.
631 3472 664 3520 6
702 3468 760 3521 et
794 3468 1016 3523 inclusi.
1146 3472 1212 3522 17
1251 3467 1540 3538 Testibus]
1579 3468 1648 3533 cf.
1678 3467 1830 3521 Ptin.
1859 3483 1916 3521 n.
1945 3467 1995 3519 h.
2028 3471 2113 3533 32,
2146 3470 2263 3520 108.

240 3544 306 3593 19
343 3535 645 3608 Venerem]
684 3538 756 3603 cf.
784 3538 936 3593 Ptin.
966 3555 1022 3594 n.
1052 3538 1103 3592 h.
1136 3544 1230 3606 30,
1264 3543 1383 3592 141.
1566 3538 1853 3591 concitant
1897 3537 2079 3592 Ptin.-
2134 3551 2266 3589 con—

238 3608 434 3663 ciliant
472 3608 794 3664 Gornarius.
937 3615 1004 3664 21
1047 3608 1327 3663 stellionis
1365 3606 1533 3679 cinis]
1571 3609 1641 3675 cf.
1677 3608 1830 3662 Ptin.
1859 3624 1913 3662 n.
1944 3607 1995 3661 h.
2028 3613 2114 3675 30,
2146 3611 2265 3660 143.
