2575 4092
249 412 319 462 38
357 408 538 470 super
583 390 934 451 umbilicum
979 389 1304 452 laborantis
1350 391 1597 472 adpone.
1670 390 1854 452 Bacas
1891 392 2045 453 lauri
2081 400 2206 454 tres
2245 411 2388 453 cum

354 479 575 541 herbae
621 481 826 540 vincae
875 479 1230 540 cocliaribus
1277 479 1473 542 tribus
1518 483 1744 561 pariter
1781 480 2112 542 contundes
2160 489 2223 541 et
2262 480 2386 541 adi-

355 570 478 630 cies
524 570 647 628 vini
693 567 869 629 calidi
915 568 1142 648 cyathis
1188 568 1384 629 tribus
1431 577 1491 630 et
1537 569 1795 630 colatum
1841 568 2168 631 bibendum
2216 569 2386 630 dabis

247 677 316 727 39
356 660 438 738 ei,
496 659 599 736 qui
642 659 871 719 ventris
916 656 1120 718 dolore
1170 657 1495 720 vexabitur.
1579 657 1848 737 Corrigia
1894 661 2102 719 canina
2147 658 2385 720 medius

355 749 627 825 cingatur
675 749 779 825 qui
824 745 1048 807 dolebit
1095 753 1381 828 ventrem,
1426 749 1624 808 statim
1668 746 2113 808 remediabitur.
2406 766 2432 808 5
2543 791 2544 806 ,

247 854 318 903 40
533 834 751 896 Contra
806 837 1033 895 ventris
1086 834 1353 896 dolorem
1416 837 1778 915 argimoniae
1843 835 2063 897 herbae
2119 835 2386 897 radicem

355 923 488 1003 palo
535 924 730 1003 ligneo
769 923 1008 985 effodite
1047 942 1298 1004 eamque
1336 926 1537 986 tritam
1574 943 1647 984 ex
1684 941 1836 1005 aqua
1873 924 2191 985 bibendam
2228 925 2384 985 dato.

246 1031 315 1080 41
354 1012 663 1093 Lychnum
709 1013 1016 1073 ardentem
1064 1012 1344 1074 umbilico
1391 1031 1730 1092 superpone
1777 1021 1840 1074 et
1875 1013 2132 1093 desuper
2170 1031 2386 1074 cucur·

354 1102 538 1163 bitam
575 1100 984 1161 medicinalem
1021 1109 1125 1162 aut
1161 1100 1407 1162 calicem
1445 1102 1784 1183 oblongum,
1821 1104 1874 1163 si
1911 1102 2223 1163 cucurbita
2263 1120 2385 1162 non

353 1191 553 1267 fuerit,
600 1189 907 1251 admoveto
955 1199 1016 1249 et
1050 1189 1355 1271 paulisper
1392 1193 1716 1272 continete,
1762 1191 2076 1251 confestim
2114 1190 2384 1251 dolorem
2409 1210 2453 1249 ιο

246 1297 317 1345 42
355 1280 579 1339 ventris
617 1285 866 1338 avertes,
930 1277 1203 1339 Puleium
1241 1279 1794 1341 commanducatum
1833 1287 1896 1340 et
1932 1280 2003 1340 ad
2033 1279 2387 1341 umbilicum

350 1368 614 1447 positum
670 1374 849 1447 atque
903 1366 1023 1428 illic
1074 1366 1402 1449 alligatum,
1458 1387 1533 1429 ne
1580 1367 1778 1448 cadat,
1834 1368 2099 1429 dolorem
2145 1386 2385 1429 omnem

246 1474 316 1522 43
354 1457 579 1517 ventris
635 1457 919 1517 continuo
975 1455 1237 1518 discutit.
1320 1456 1539 1517 Anethi
1593 1459 1839 1518 seminis
1888 1456 2196 1536 paululum
2244 1476 2382 1518 con-

246 1563 317 1611 44
356 1547 565 1606 tritum
612 1562 683 1605 ex
731 1563 885 1624 aqua
927 1552 1136 1623 potum
1183 1548 1453 1606 internos
1489 1548 1715 1606 ventris
1753 1545 1921 1607 sedat
1957 1544 2210 1607 dolores,
2283 1545 2382 1606 Ni·
2543 1545 2544 1614 l

353 1642 516 1695 trum
563 1635 717 1694 aceti
761 1632 988 1713 cyathis
1035 1633 1268 1694 duobus
1314 1633 1700 1713 liquefactum
1751 1643 1814 1696 et
1857 1643 2066 1713 potum
2112 1634 2383 1695 dolorem
2406 1652 2451 1694 1⁵
2543 1637 2544 1650 ¹

353 1724 775 1784 intestinorum
821 1730 1099 1801 potenter
1143 1723 1373 1783 avertit.

247 1828 316 1877 45
533 1810 822 1882 Quotiens
859 1810 1029 1871 dolor
1065 1819 1126 1872 et
1161 1812 1492 1872 contractio
1520 1812 1942 1872 intestinorum
1971 1813 2201 1872 ventris
2228 1814 2383 1873 orie-

353 1908 480 1981 tur,
535 1900 974 1978 vespertilionis
1022 1902 1309 1979 sanguine
1355 1907 1563 1960 ventre
1609 1918 1789 1961 manu
1833 1900 2153 1979 perfricato
2202 1909 2266 1961 et
2311 1900 2385 1962 ad

245 2005 315 2056 46
352 2006 638 2067 praesens
685 1988 1003 2049 subvenies
1049 1996 1110 2049 et
1154 1991 1217 2049 in
1256 1996 1448 2050 totum
1487 2007 1707 2049 annum
1745 1989 2078 2050 medebere.
2147 1988 2382 2069 Piperis

353 2094 535 2155 grana
581 2076 797 2137 LXXX
851 2079 1108 2138 contrita
1164 2085 1225 2139 et
1279 2095 1352 2137 ex
1404 2095 1556 2155 aqua
1599 2085 1738 2155 pota
1783 2080 1935 2138 mire
1980 2076 2198 2139 tollunt
2243 2097 2381 2139 ven·
2407 2096 2456 2136 so

247 2179 316 2228 47
354 2167 465 2225 tris
522 2164 803 2225 dolorem.
899 2165 963 2225 Si
1018 2167 1117 2225 cui
1172 2168 1234 2226 in
1290 2168 1383 2227 via
1438 2173 1539 2226 aut
1593 2167 1656 2226 in
1711 2166 1840 2227 loco
1896 2166 2093 2246 aliquo
2153 2166 2385 2228 difficili

354 2252 591 2314 subitus
647 2252 818 2313 dolor
871 2255 1098 2314 ventris
1153 2262 1257 2314 aut
1311 2256 1733 2315 intestinorum
1789 2254 1997 2336 fuerit,
2059 2256 2206 2315 lotio
2272 2274 2382 2317 suo

245 2356 315 2405 48
354 2342 664 2420 degustato
712 2343 995 2402 continuo
1033 2341 1355 2404 sanabitur.
1420 2341 1484 2403 Si
1523 2344 1656 2422 quis
1692 2342 1877 2404 talum
1912 2344 2135 2422 leporis
2174 2362 2382 2405 secum

353 2429 656 2513 habuerit,
710 2432 974 2491 inmunis
1019 2450 1053 2491 a
1098 2430 1303 2491 dolore
1347 2432 1572 2492 ventris
1620 2438 1680 2492 et
1724 2432 1992 2511 periculo
2038 2432 2383 2494 huiusmodi

352 2527 643 2598 perpetuo
689 2520 1080 2598 permanebit.
2403 2537 2452 2578 25
2543 2579 2544 2584 ,

245 2623 315 2672 49
529 2608 619 2668 Ad
666 2610 947 2669 intestina
986 2616 1159 2688 rupta
1197 2608 1535 2686 leporinum
1572 2616 1806 2669 stercus
1844 2617 2021 2690 atque
2058 2611 2238 2671 etiam
2274 2610 2383 2690 pili
2543 2639 2544 2696 l

354 2696 447 2756 vel
490 2696 625 2757 lana
670 2699 801 2758 eius
846 2698 918 2758 de
963 2696 1316 2758 subventrili
1360 2715 1496 2758 cum
1546 2696 1717 2757 melle
1756 2697 2001 2759 decocta
2046 2698 2119 2759 ad
2156 2702 2380 2779 magni·

352 2785 619 2847 tudinem
666 2785 835 2846 fabae
881 2785 1208 2865 gluttienda
1265 2784 1613 2864 frequenter
1667 2785 1803 2846 data
1859 2788 2126 2866 quamvis
2180 2790 2379 2867 perni-

353 2877 514 2936 ciose
549 2876 746 2954 ruptis
783 2876 1083 2936 intestinis
1120 2874 1398 2935 celeriter
1436 2874 1726 2956 medetur,
1768 2876 1850 2936 ita
1887 2883 1955 2936 ut
1992 2877 2173 2937 etiam
2208 2885 2379 2938 tenu-

352 2964 506 3037 iora,
574 2982 725 3041 quae
792 2962 1017 3023 fuerint
1081 2962 1380 3044 disrupta,
1444 2961 1723 3045 glutinet,
1788 2964 1894 3025 sed
1954 2964 2204 3026 adsidue
2263 2965 2379 3027 hoc
2402 2982 2451 3024 ω
2543 2997 2544 3006 1

352 3051 742 3112 medicamine
791 3052 1078 3113 utendum
1126 3060 1234 3132 est,
1281 3051 1471 3112 donec
1517 3050 1852 3130 periculum
1898 3071 2072 3114 omne
2117 3052 2380 3116 tollatur.

245 3156 316 3206 50
531 3139 630 3200 Ad
686 3138 919 3202 colum
974 3142 1230 3201 mirum
1286 3140 1696 3201 remedium.
1789 3140 1929 3203 Colo
1985 3150 2046 3202 et
2100 3142 2380 3204 omnibus

352 3231 772 3291 intestinorum
830 3228 1133 3290 doloribus
1189 3237 1251 3290 et
1303 3236 1426 3290 tam
1479 3228 1822 3291 hominibus
1873 3248 2051 3311 quam
2095 3232 2380 3293 iumentis

353 3338 425 3380 ex
469 3317 581 3379 hac
628 3336 694 3378 re
737 3316 1147 3380 laborantibus
1195 3318 1605 3379 efficacissime
1642 3318 1919 3406 subvenit
1954 3321 2078 3380 avis
2115 3319 2379 3403 galerita,

534 3459 564 3508 7
602 3452 866 3509 bibenda.
997 3458 1060 3507 11
1098 3452 1346 3522 poleium
1382 3454 1925 3511 cummanducatum.
2048 3459 2117 3510 18
2153 3471 2381 3526 vesper-

351 3522 609 3579 tillionis.
731 3530 797 3578 19
834 3523 1076 3579 medere.
1195 3529 1263 3579 27
1305 3522 1712 3594 magnitudine.
1822 3530 1889 3580 32
1928 3524 2067 3580 Colo
2105 3527 2165 3582 et
2200 3527 2384 3582 omni-

352 3593 482 3664 bus]
520 3594 677 3650 Hinc
711 3596 913 3665 incipit
948 3596 1102 3665 apud
1139 3594 1470 3651 Cornan-ium
1505 3612 1624 3665 cap.
1662 3595 1943 3653 XXVIIII.
