2575 4092
278 2885 312 2935 8

1126 232 1607 298 —316—

350 413 470 456 non
518 401 756 455 austero
801 393 1119 456 molliendo
1164 396 1361 456 ventri
1397 393 1722 474 plurimum
1758 401 2028 474 prosunt,
2076 394 2125 452 si
2166 398 2227 452 et
2265 393 2385 471 ipsi

349 482 787 544 manducentur
841 491 902 544 et
955 486 1051 544 ius
1105 482 1252 544 illud
1308 482 1549 545 bibatur
1605 490 1740 543 ante
1797 481 2024 563 cibum,
2088 487 2158 541 ut
2216 482 2385 541 inter

349 571 665 651 prandium
714 579 774 632 et
819 590 1026 633 cenam
1072 571 1267 633 alvum
1312 572 1528 633 leniter
1574 570 1813 632 molliat.
2375 595 2380 598 ·

530 659 703 721 Ovilli
740 660 910 722 lactis
948 663 1204 722 sextario
1243 663 1296 721 si
1333 662 1470 740 quis
1497 661 1713 722 adiciat
1740 661 1896 722 cnici
1923 660 2163 738 purgati
2189 658 2241 718 X
2273 656 2386 717 1111

352 756 412 810 et
458 748 790 810 discoctum
834 752 916 811 ita
963 749 1187 831 ebibat,
1240 749 1468 811 molliet
1511 757 1796 810 ventrem.
1879 746 2130 819 Quidam
2175 747 2381 808 tribus
2407 764 2434 805 5

350 838 607 899 heminis
653 841 777 899 vini
821 838 1088 899 adiciunt
1133 838 1292 899 aloes
1339 838 1390 900 X
1437 840 1746 899 semissem
1798 845 1858 898 et
1902 839 1983 897 ita
2031 844 2224 898 totum
2270 853 2384 915 per

350 936 551 1007 partes
597 945 747 1006 aqua
795 930 1046 988 mixtum
1091 926 1331 1007 bibunt,
1386 935 1455 988 ut
1506 926 1776 987 molliant
1822 933 2103 986 ventrem.
2191 924 2385 985 Solvit

352 1025 550 1077 autem
596 1015 789 1077 alvum
837 1015 1064 1077 utiliter
1108 1018 1239 1095 ipsa
1283 1016 1411 1077 aloe
1449 1034 1558 1096 per
1595 1034 1659 1076 se
1707 1016 2002 1076 victoriati
2051 1009 2231 1093 (vel)
2282 1014 2383 1074 de-

351 1107 505 1166 narii
550 1104 814 1184 pondere
860 1122 934 1164 ex
972 1122 1158 1183 aquae
1194 1104 1423 1184 cyathis
1460 1104 1656 1165 tribus
1694 1103 1788 1164 vel
1824 1102 2072 1182 frigidae
2109 1101 2203 1162 vel
2240 1102 2381 1163 cali-

352 1193 460 1253 dae
510 1200 762 1272 epotata.
1225 1210 1233 1218 ·

528 1279 753 1359 Purgat
798 1282 1018 1359 optime
1065 1288 1336 1341 ventrem
1382 1280 1715 1342 chamelaea
1770 1280 1981 1362 herba,
2034 1298 2186 1359 quae
2241 1279 2385 1340 folia

353 1369 567 1430 similia
613 1367 798 1429 olivae
842 1368 1040 1450 habet,
1087 1388 1343 1449 quorum
1391 1373 1657 1449 quinque
1703 1369 1794 1430 vel
1836 1388 1940 1430 sex
1979 1369 2107 1430 dari
2143 1376 2384 1447 oportet

353 1459 493 1519 trita
550 1475 620 1517 ex
678 1476 863 1537 aquae
921 1456 1144 1518 mulsae
1202 1458 1430 1539 cyathis
1490 1466 1773 1537 quattuor
1833 1457 2107 1538 frigidae,
2174 1460 2226 1518 si
2282 1457 2381 1518 ad·

354 1554 562 1608 suetus
609 1549 749 1628 erit,
797 1549 896 1608 cui
941 1547 1205 1608 remedio
1253 1566 1404 1627 opus
1451 1554 1561 1628 est,
1607 1550 1700 1608 sin
1745 1548 1962 1625 minuS,
2012 1545 2235 1607 calidae
2283 1546 2381 1607 ad·

2411 1183 2539 1312 ὀι

353 1638 508 1697 iecto
557 1635 696 1696 salis
743 1634 1048 1716 cocliario;
1094 1636 1355 1696 detrahit
1400 1639 1559 1696 enim
1605 1636 1850 1713 largiter
1883 1634 2081 1696 bilem.
2156 1634 2455 1713 Purgat15

352 1723 505 1784 bene
542 1723 738 1784 alvum
776 1724 948 1785 filicis
986 1723 1154 1784 radix
1191 1724 1310 1785 lota
1352 1732 1413 1786 et
1449 1742 1581 1785 rasa
1619 1731 1797 1803 atque
1834 1726 1898 1784 in
1934 1725 2211 1784 minimas
2248 1741 2380 1802 par-

352 1810 566 1873 ticulas
612 1815 850 1873 concisa
897 1812 970 1873 ad
1018 1816 1382 1874 semunciam
1425 1819 1593 1874 aceto
1632 1830 1889 1891 aspersa,
1937 1812 2151 1873 deinde
2195 1820 2381 1893 cocta,

352 1909 420 1962 ut
467 1900 619 1962 solet
663 1899 838 1962 holus
885 1902 1086 1982 coqui,
1144 1909 1205 1962 et
1258 1903 1340 1962 ita
1387 1920 1525 1961 cum
1570 1903 1740 1982 panis
1787 1903 1963 1962 uncia
2009 1911 2379 1981 consumpta.

530 1989 752 2069 Purgat
783 1990 935 2051 bene
963 1990 1109 2051 haec
1138 1991 1469 2070 conpositio
1497 1998 1792 2051 ventrem:
1822 1989 1997 2050 Aloes
2020 1989 2069 2050 X
2093 1992 2379 2070 semissiS,

353 2078 670 2159 colophoni
698 2078 749 2138 X
781 2079 849 2159 S;
887 2097 1004 2139 una
1038 2086 1320 2139 teruntur
1347 2078 1512 2158 haec,
1541 2079 1797 2140 adicitur
1825 2077 2015 2139 mellis
2045 2078 2205 2158 quod
2235 2082 2378 2139 sa'tis
2404 2096 2456 2134 so
2537 2129 2538 2138 ,

352 2170 433 2228 sit
460 2167 530 2227 ad
562 2166 889 2244 colligenda
918 2185 1002 2227 ea.
1064 2166 1251 2228 Datur
1279 2186 1352 2227 ex
1382 2186 1568 2246 aquae
1597 2166 1820 2228 calidae
1850 2166 1942 2228 vel
1970 2167 2221 2246 frigidae
2250 2186 2379 2247 cya-

352 2253 472 2315 this
518 2253 642 2314 1111.
716 2253 843 2314 Hoc
890 2254 1389 2317 medicamentum
1436 2256 1806 2317 stomachum
1853 2274 1974 2316 non
2021 2259 2377 2336 conrumpit.

531 2341 767 2402 Globuli
812 2343 1060 2403 mirifice
1098 2351 1423 2423 purgantes
1459 2353 1748 2425 ventrem,
1794 2346 1899 2423 qui
1933 2352 2002 2405 ut
2038 2354 2378 2426 sumuntur,

350 2433 434 2491 ita
478 2433 697 2508 integri
735 2431 1076 2492 deiciuntur
1112 2450 1223 2493 nec
1261 2433 1504 2494 laedunt
1542 2432 1929 2512 stomachum,
1976 2435 2378 2496 conficiuntur

351 2522 466 2582 sic:
521 2518 848 2600 Colophoni
895 2519 946 2579 X
982 2519 1117 2601 1111,
1163 2520 1413 2583 bidellae
1460 2521 1512 2581 X
1550 2521 1629 2603 11,
1675 2524 1931 2601 gummis
1980 2521 2029 2582 X
2064 2522 2135 2584 H.
2219 2522 2376 2584 Haec
2402 2537 2449 2578 25

350 2611 491 2670 trita
538 2607 801 2670 lactucae
850 2628 994 2670 suco
1042 2609 1404 2688 colliguntur
1450 2618 1510 2671 et
1554 2612 1863 2689 finguntur
1899 2611 2116 2689 pilulae
2154 2615 2375 2691 magni-

350 2697 556 2758 tudine
625 2697 815 2779 sabae,
881 2698 1098 2758 dantur
1156 2716 1190 2758 a
1243 2698 1439 2759 tribus
1494 2698 1696 2779 pilulis
1752 2715 1942 2778 usque
1998 2700 2071 2760 ad
2130 2710 2376 2781 septem,

349 2794 530 2867 prout
576 2787 867 2865 cuiusque
913 2789 1070 2847 vires
1115 2789 1434 2866 patientur.

530 2874 791 2954 Globuli,
848 2877 952 2954 qui
1007 2877 1184 2935 etiam
1231 2879 1468 2936 cenanti
1514 2875 1733 2938 dantur
1777 2884 1839 2937 et
1885 2877 2154 2937 efficiunt
2204 2895 2373 2937 mane

2536 2611 2538 2690 ι

349 2966 577 3025 ventris
615 2963 1005 3024 deiectionem
1044 2973 1331 3043 quantum
1370 2967 1512 3025 satis
1551 2967 1646 3047 sit,
1684 2967 1798 3026 sic:
1836 2964 2164 3044 Colophoni
2199 2964 2252 3026 X
2279 2965 2372 3045 111,
2396 2983 2445 3022 so

350 3051 509 3112 aloes
565 3059 625 3112 et
678 3052 1046 3131 tragacanthi
1112 3052 1311 3135 binos,
1375 3053 1488 3114 hoc
1547 3054 1740 3133 pridie
1806 3071 1956 3133 aqua
2019 3061 2370 3134 maceratur,

349 3146 591 3220 postero
647 3139 742 3199 die
800 3143 1016 3201 ceteris
1071 3140 1461 3223 admiscetur3
1526 3143 1676 3203 fiunt
1735 3141 1874 3202 inde
1929 3141 2155 3220 globuli
2206 3142 2370 3203 fabae

349 3228 774 3309 magnitudine,
821 3228 1037 3289 dantur
1078 3248 1110 3289 a
1148 3230 1344 3291 tribus
1381 3249 1571 3311 usque
1610 3231 1682 3291 ad
1719 3229 1849 3311 v113
1893 3239 2148 3309 prosunt
2191 3231 2368 3310 pluri-

349 3337 515 3379 mum
562 3320 757 3378 ventri
804 3325 864 3378 et
909 3316 1280 3379 stomachum
1329 3318 1491 3380 nullo
1536 3319 1713 3379 modo
1759 3326 1990 3379 vexant.

477 3526 487 3537 ·
530 3459 558 3508 1
598 3453 783 3538 ventri
817 3453 1156 3524 Stephanus:
1192 3456 1403 3538 ventre.
1584 3461 1620 3509 4
1658 3452 2029 3579 οηίοἱὶοίορί.
2213 3458 2246 3508 8
2280 3453 2367 3538 {rel

349 3525 547 3579 addida
583 3541 610 3579 e
646 3524 891 3579 Scrzbo‘n.
1053 3530 1120 3579 18
1159 3542 1384 3595 quoqui.
1549 3532 1618 3580 20
1657 3524 1819 3596 colop
1865 3540 2029 3580 omae
2071 3524 2369 3582 Cornanus

346 3609 568 3662 semper.
713 3600 782 3649 29
820 3595 1031 3650 cenatis
1069 3596 1317 3652 Scribon.
