2575 4092
314 478 381 526 31

314 922 383 971 32

314 1100 382 1149 33

314 1277 383 1326 34

262 1417 268 1422 ”
314 1454 381 1503 35

314 1544 382 1593 36

315 1810 381 1858 37

315 2076 383 2124 ss

316 2252 383 2300 39

317 2606 386 2654 40

317 3402 385 3449 41

1199 248 1274 258 --
1380 213 1679 277 124—
2378 0 2409 240 l

421 378 573 436 cinis
625 376 897 455 prodest,
956 377 1008 436 si
1063 393 1134 436 eo
1192 374 1402 436 dentes
1458 377 1833 437 infricentur.
1915 373 2157 435 Vermes
2202 370 2399 449 terreni,

421 465 480 525 id
529 473 623 525 est
667 464 964 545 lumbrici,
1012 464 1247 526 decocti
1292 466 1355 524 in
1401 464 1530 526 oleo
1578 474 1640 526 et
1684 465 1813 525 triti
1858 464 2253 525 infunduntur
2284 460 2400 522 auri·

421 553 588 615 culae
635 552 709 613 ab
756 571 825 615 ea
869 564 1068 633 parte,
1123 573 1238 633 qua
1287 553 1497 615 dentes
1543 553 1775 633 dolent3
1830 552 2155 613 eorundem
2211 559 2403 612 exusto-

419 661 556 703 rum
603 643 891 704 vermium
939 645 1089 703 cinis
1138 641 1419 703 dentibus
1465 646 1624 705 cavis
1669 641 1764 702 vel
1808 641 2149 703 dolentibus
2184 642 2406 701 insertus

420 740 482 793 et
537 749 673 792 cera
729 740 976 811 opertus
1033 731 1204 792 facile
1262 731 1475 793 cadere
1535 750 1638 793 eos
1694 733 1880 811 cogit,
1943 729 2195 792 conburi
2249 736 2407 789 autem

420 820 641 882 debent
685 829 838 881 testa
884 819 1180 881 candenti.
1255 821 1544 882 Ossorum
1591 839 1662 881 ex
1711 819 1949 898 ungulis
1997 820 2262 898 porcinis
2305 832 2410 877 con·
2430 819 2433 870 Ι

422 909 738 971 bustorum
786 911 938 970 cinis
995 928 1104 989 pro
1162 909 1503 971 dentifricio
1558 908 1798 970 habitus
1853 908 2176 988 plurimum
2238 871 2437 970 confir-l

420 998 651 1059 mandis
698 997 979 1059 dentibus
1023 997 1288 1077 prodest.
1370 999 1459 1059 Ad
1506 999 1718 1059 dentes
1763 1016 1937 1058 cavos
1985 1006 2045 1058 et
2089 1014 2315 1070 exesos,
2361 1009 2416 1052 ne

421 1090 660 1166 penitus
699 1087 1027 1147 exedantur
1064 1095 1168 1147 aut
1204 1088 1500 1169 excidant,
1537 1088 1719 1148 facies
1755 1086 1899 1150 hoc:
1945 1086 2256 1166 Gummen,
2292 1078 2419 1163 quod

421 1180 483 1237 in
527 1174 750 1236 hedera
796 1177 1081 1255 nascitur,
1127 1194 1269 1236 cavo
1308 1176 1472 1237 denti
1508 1179 1774 1237 inserito.
1838 1174 2154 1251 Harenula,
2199 1173 2421 1254 quaein

421 1264 640 1325 cocleis
676 1266 997 1342 invenitur,
1034 1264 1201 1325 denti
1238 1282 1380 1325 cavo
1420 1273 1480 1325 et
1517 1265 1741 1326 dolenti
1776 1266 2002 1324 inserta
2035 1265 2238 1325 statim
2276 1258 2423 1341 prod·

422 1361 531 1414 est.
614 1352 908 1413 Gummen
963 1356 1235 1432 cupressi
1290 1355 1514 1432 optime
1571 1354 1739 1433 facit,
1794 1356 1846 1413 si
1898 1355 2192 1414 insertum
2243 1352 2336 1413 die
2374 1365 2457 1478 ack

422 1451 596 1503 nocte
643 1444 706 1502 in
753 1453 895 1502 cavo
942 1441 1121 1502 dente
1158 1444 1573 1522 permanserit.
1643 1442 1721 1503 Ut
1758 1441 2022 1502 labantes
2061 1441 2276 1502 dentes
2313 1455 2425 1500 con·

423 1533 643 1613 firmeS,
681 1531 947 1612 cedrum,
986 1550 1104 1610 quo
1143 1530 1282 1591 libri
1319 1541 1756 1612 perunguntur,
1792 1533 1856 1591 in
1894 1549 1997 1591 ore
2028 1548 2205 1610 quam
2246 1529 2412 1591 diutis

421 1623 571 1682 sime
617 1630 755 1681 tene
803 1627 863 1680 et
909 1619 1163 1681 subinde
1210 1623 1514 1682 recentius
1553 1622 1799 1701 sumit03
1845 1637 1966 1680 non
2003 1619 2196 1680 solum
2245 1547 2466 1694 dentesl

423 1709 820 1789 confirmabiS,
858 1727 1065 1770 verum
1104 1710 1285 1769 etiam
1323 1685 1589 1770 dolorem
1628 1727 1835 1770 eorum
1878 1718 2129 1771 avertes
2206 1703 2469 1786 Saepiae

423 1817 490 1859 os
537 1797 630 1858 vel
675 1800 866 1878 ipsius
924 1797 1271 1859 combustae
1331 1808 1390 1858 et
1436 1817 1506 1859 ex
1554 1797 1728 1858 melle
1775 1800 2066 1858 contritae
2112 1796 2313 1876 pulvis
2356 1792 2471 1855 ad

424 1890 577 1948 iecta
622 1896 789 1965 gutta
837 1888 1187 1947 ammoniaci
1233 1888 1487 1965 gingivis
1534 1895 1595 1947 et
1641 1886 1920 1947 dentibus
1962 1886 2226 1965 prodest,
2279 1888 2330 1946 si
2372 1886 2439 1943 ita

425 1977 842 2055 perfricentur,
891 1984 958 2036 ut
1004 1994 1077 2036 ex
1124 1994 1193 2035 eo
1242 1975 1391 2036 nihil
1436 1978 1498 2035 in
1545 1976 1748 2036 fauces
1784 1975 2122 2036 descendat.
2197 1974 2440 2054 Caprino

424 2065 573 2125 lacte
611 2067 843 2125 recenti
880 2066 1038 2125 sicut
1074 2064 1334 2124 mulsum
1371 2065 1555 2125 fuerit
1591 2083 1658 2125 os
1695 2065 1940 2126 adsidue
1980 2063 2270 2125 collutum
2301 2062 2480 2125 labo-z

424 2162 627 2213 rantes
687 2170 759 2212 ex
815 2154 940 2213 ictu
998 2153 1207 2212 dentes
1264 2154 1593 2216 confirmat.
1685 2153 1949 2214 Lentisci
2008 2152 2243 2213 decocti
2308 2167 2445 2231 aqua

423 2244 581 2302 intra
635 2258 704 2301 os
751 2240 1099 2318 frequenter
1146 2240 1387 2302 detenta
1434 2242 1643 2303 dentes
1689 2243 2025 2322 confirmat3
2083 2241 2242 2301 idem
2292 2258 2448 2322 prae-

424 2338 541 2390 stat
586 2331 856 2412 asparagi
893 2328 1146 2390 silvatici
1184 2349 1393 2409 sucuS,
1440 2330 1597 2391 idem
1636 2339 1694 2392 et
1733 2331 2092 2391 omfacinum
2132 2329 2354 2411 oleum,
2397 2327 2449 2388 id

424 2426 517 2479 est
570 2411 794 2479 bonum
850 2416 1066 2498 viride,
1123 2420 1176 2479 si
1231 2419 1488 2480 calidum
1546 2422 1607 2480 in
1666 2438 1769 2479 ore
1825 2428 2127 2500 teneatur3
2184 2419 2353 2480 idem
2401 2427 2453 2479 et

422 2505 585 2567 inula
641 2524 673 2565 a
729 2508 930 2567 ieiuno
988 2508 1473 2568 commanducata
1531 2508 1872 2587 praestabit.
1956 2507 2033 2568 Ut
2082 2507 2356 2569 labantes
2402 2518 2480 2568 ett

425 2595 695 2656 dolentes
725 2593 934 2655 dentes
955 2594 1125 2656 facile
1155 2599 1438 2677 excutiaS,
1469 2616 1679 2658 sucum
1708 2596 1965 2657 hederae
1995 2598 2199 2675 nigrae
2224 2597 2458 2658 adiecto

426 2681 676 2762 pausillo
724 2683 841 2743 olei
887 2684 1093 2744 viridis
1139 2683 1354 2745 habeto
1402 2688 1733 2765 repositum
1780 2704 1848 2746 ac
1895 2693 2345 2767 praeparatum,
2395 2694 2461 2746 ut

424 2790 563 2833 cum
601 2790 752 2850 opus
782 2771 963 2833 fuerit
999 2790 1175 2833 nares
1214 2791 1290 2833 ex
1327 2792 1397 2833 eo
1438 2777 1747 2853 contingas
1782 2773 1966 2852 digito
2007 2774 2098 2834 vel
2136 2774 2460 2855 perfrices3

425 2880 543 2940 quo
602 2861 757 2921 facto
816 2862 1092 2941 spiritum
1150 2861 1512 2940 aliquamdiu
1560 2866 1889 2923 introrsum
1947 2863 2179 2942 trahes,
2239 2862 2460 2925 deinde

424 2948 651 3009 calculo
700 2948 977 3011 dentibus
1025 2949 1437 3029 conprehenso
1486 2952 1674 3012 hianti
1722 2970 1825 3012 ore
1875 2970 2143 3012 umorem
2195 2970 2459 3034 omnem,

427 3039 532 3116 qui
568 3055 642 3097 ex
679 3039 892 3116 pituita
930 3047 1273 3100 contractus
1313 3042 1445 3119 erit,
1492 3040 1754 3101 defluere
1799 3043 2140 3119 permittes3
2185 3040 2466 3102 infinitus

426 3128 584 3186 enim
614 3125 896 3187 decurret
922 3145 1116 3206 usque
1153 3128 1226 3188 ad
1265 3130 1449 3188 trium
1487 3128 1860 3189 heminarum
1899 3148 2255 3190 mensuram.
2313 3129 2466 3191 Post

427 3215 587 3294 quod
625 3212 755 3274 oleo
793 3232 946 3293 puro
987 3215 1232 3276 naribus
1277 3217 1562 3295 perfricto
1602 3227 1662 3278 et
1700 3220 1836 3278 vino
1875 3236 1979 3278 ore
2017 3218 2203 3279 diluto
2244 3219 2467 3280 dentes

427 3306 556 3364 sine
604 3302 807 3364 dolore
855 3313 1032 3365 erunt
1078 3313 1139 3364 et
1184 3305 1354 3365 facile
1402 3306 1806 3367 extrahentur.
1882 3307 1969 3367 Ad
2010 3307 2264 3386 epiforas
2312 3307 2465 3368 den-

425 3394 575 3453 tium
635 3400 697 3452 et
748 3394 1055 3474 pituitam,
1111 3394 1161 3453 si
1218 3395 1280 3453 in
1328 3392 1537 3455 dentes
1584 3396 1887 3476 inciderit,
1945 3414 2119 3475 quam
2167 3395 2468 3475 epiforam

570 3584 635 3632 13
674 3580 944 3636 labentes,
1092 3587 1161 3635 23
1201 3582 1566 3637 omfacenum.
1711 3584 1770 3655 a]
1809 3582 1898 3637 ad.
2037 3591 2103 3638 33
2143 3583 2260 3653 ore]
2299 3600 2388 3640 os.
