2575 4092
265 410 298 459 9

234 765 299 814 10

233 854 298 902 11

232 1120 297 1168 12

231 1386 296 1436 13

235 2878 303 2926 14

1110 226 1591 292 -294—
2535 2 2540 318 Ι

334 483 554 544 radicis
600 481 824 563 aridae,
873 481 1142 541 nasturci
1188 481 1433 540 seminis
1478 477 1529 538 X
1578 485 1883 560 septenoS,
1930 477 2234 539 coriandri
2281 495 2374 539 se·

334 573 514 633 minis
568 569 622 631 X
666 568 732 651 V,
788 570 930 631 nitri
986 568 1038 629 X
1074 568 1145 629 11.
1226 567 1386 629 Haec
1443 570 1639 628 omnia
1693 568 1833 627 trita
1888 565 2107 628 dantur
2164 568 2372 628 ieiuno

336 678 475 722 cum
521 677 705 740 aquae
753 658 979 719 mulsae
1026 658 1279 719 hemina.

514 748 652 809 Mali
695 748 908 809 Punici
954 765 1136 809 sucus
1182 746 1403 807 radicis
1448 745 1542 807 vel
1587 746 1864 807 soliorum
1906 745 2173 807 eiusdem
2212 763 2371 824 aqua
2395 761 2420 802 5

336 837 620 899 decoctus
667 838 954 917 potuique
1002 854 1139 897 cum
1187 835 1307 897 sale
1354 834 1527 896 datus
1574 837 1765 896 tineas
1812 842 2001 896 necat.
2074 833 2372 895 Marrubii

336 935 397 987 et
453 925 751 988 absenthii
807 932 867 986 et
922 925 1263 1004 lupinorum
1320 925 1485 1003 paria
1541 923 1806 1003 pondera
1859 926 1922 984 in
1977 942 2131 1002 aqua
2177 923 2373 984 mulsa

336 1024 504 1077 cocta
559 1017 761 1077 ieiuno
817 1014 910 1075 bis
966 1021 1069 1074 aut
1123 1021 1217 1074 ter
1271 1015 1444 1093 potui
1499 1011 1633 1074 data
1690 1013 2006 1074 adversum
2060 1015 2253 1074 tineas
2310 1020 2371 1073 et

334 1103 660 1166 lumbricos
715 1102 1041 1182 plurimum
1093 1111 1367 1179 prosunt.
1448 1099 1661 1163 Farina
1721 1101 2064 1181 lupinorum
2122 1100 2371 1162 decocta

336 1211 408 1253 ex
465 1211 616 1272 aqua
673 1200 734 1252 et
786 1208 953 1251 more
1009 1189 1446 1269 cataplasmatis
1493 1193 1689 1251 ventri
1735 1192 1992 1269 inposita
2038 1188 2369 1251 lumbricos
2397 1207 2442 1246 1⁰

334 1280 426 1341 vel
471 1283 663 1341 tineas
709 1289 900 1341 necat.

511 1368 601 1429 Ad
655 1367 981 1430 lumbricos
1037 1374 1099 1428 et
1151 1368 1343 1429 tineas
1402 1366 1699 1429 eiciendas
1758 1367 2089 1429 remedium
2151 1375 2369 1446 potens

336 1460 450 1520 sic:
524 1456 692 1538 Ervi,
756 1456 1010 1518 filiculae
1072 1456 1306 1517 radices
1361 1464 1642 1536 purgatas
1701 1456 1774 1517 ad
1836 1458 2044 1518 uncias
2101 1457 2368 1536 singulas

334 1565 608 1608 seorsum
654 1546 871 1607 tundes
917 1545 1070 1607 bene
1116 1547 1180 1610 in
1226 1545 1343 1624 pila
1391 1544 1604 1627 lignea,
1650 1545 1866 1605 deinde
1908 1545 2130 1606 adicies
2168 1544 2368 1606 inulae

335 1635 556 1697 radicis
614 1628 694 1721 ‚91
736 1633 894 1717 VIII,
950 1635 1301 1695 ammoniaci
1355 1635 1594 1695 unciam
1649 1641 1710 1694 et
1763 1634 2065 1695 coriandri
2120 1636 2369 1695 seminis
2394 1650 2440 1692 15

334 1742 575 1785 manum
622 1723 858 1804 plenam
903 1729 966 1783 et
1001 1722 1235 1784 euforbi
1272 1721 1325 1782 X
1362 1721 1457 1782 111.
1532 1721 1653 1783 Has
1690 1740 1896 1783 omnes
1934 1724 2166 1802 species
2203 1742 2369 1784 seor·

336 1831 471 1874 sum
518 1821 795 1874 conteres
840 1810 994 1873 bene
1032 1830 1224 1891 usque
1261 1810 1336 1871 ad
1375 1828 1664 1871 summam
1703 1810 2003 1873 levitatem
2041 1819 2102 1872 et
2138 1813 2192 1872 si
2229 1814 2370 1873 viri-

336 1902 428 1963 dis
476 1901 659 1964 fuerit
703 1900 873 1962 radix
909 1900 1182 1981 filiculae,
1229 1898 1466 1979 quando
1505 1899 1664 1960 illam
1702 1899 1938 1982 tundes,
1984 1916 2196 1961 sucum
2237 1903 2369 1962 eius

337 1992 634 2073 exprimes
680 1999 740 2051 et
785 1992 980 2069 ipsum
1023 1987 1396 2050 admiscebiS.
1462 1988 1669 2049 Facies
1707 1988 1920 2068 pilulas
1958 1988 2368 2068 magnitudine

516 392 604 454 Ad
651 393 841 453 tineas
887 390 1185 452 necandas
1231 389 1564 451 remedium
1610 396 1957 467 competens
2004 390 2119 450 sic:
2164 387 2375 450 Filicis

336 2098 421 2161 ea,
470 2098 587 2159 qua
632 2097 743 2139 ano
790 2079 935 2139 inici
979 2080 1229 2157 possint,
1273 2080 1554 2157 ipsasque
1591 2078 1775 2139 factas
1812 2078 2092 2139 infundes
2132 2079 2193 2138 in
2238 2096 2367 2139 cer·
2396 2094 2445 2135 ιο

333 2170 530 2229 vesiae
586 2185 771 2227 novae
829 2168 1102 2226 sextariis
1158 2166 1394 2227 duobus
1450 2173 1511 2227 et
1565 2166 1756 2227 mellis
1812 2166 2050 2247 cyath03
2107 2167 2271 2244 quod
2318 2169 2371 2227 si

335 2258 399 2316 in
455 2273 524 2315 ea
577 2256 884 2334 provincia
940 2253 1276 2316 faciendum
1332 2255 1513 2316 fuerit
1564 2255 1678 2316 hoc
1724 2255 2253 2335 medicamentum,
2306 2257 2372 2315 in

339 2363 456 2425 qua
500 2345 751 2404 cervisia
797 2361 920 2403 non
967 2353 1083 2424 est,
1134 2362 1206 2404 ex
1252 2362 1405 2423 aqua
1454 2342 1640 2426 dabis,
1685 2346 1748 2404 in
1800 2361 1915 2423 qua
1959 2352 2151 2424 myrta
2198 2351 2371 2405 cocta

338 2435 416 2494 sit
461 2432 531 2493 ad
581 2434 872 2493 sextarios
909 2432 1078 2515 duoS,
1123 2440 1227 2493 aut
1263 2451 1403 2493 cum
1440 2450 1615 2511 sapae
1652 2434 1871 2494 mixtae
1910 2434 2184 2494 sextariis
2217 2433 2370 2494 fluo-

336 2522 452 2583 bus
498 2531 676 2603 atque
724 2540 797 2582 ex
844 2540 914 2582 eo
963 2520 1324 2601 temperabis
1371 2522 1673 2600 potionem
1719 2530 1780 2582 et
1815 2521 1984 2583 dabis
2020 2519 2371 2602 bibendam3
2397 2536 2446 2578 25

336 2613 493 2672 intra
539 2611 718 2673 horas
763 2609 871 2672 1111
916 2610 1131 2671 deiciat
1169 2617 1407 2689 oportet
1441 2610 1799 2671 vermiculos
1837 2610 1930 2670 vel
1966 2611 2185 2692 tineas3
2231 2617 2372 2671 ante

336 2699 604 2761 triduum
661 2718 802 2760 sane
856 2697 1094 2761 iubebis
1149 2717 1287 2760 eum
1343 2698 1530 2760 cibari
1575 2698 1690 2759 alio
1737 2708 1799 2760 et
1842 2717 1993 2778 pane
2040 2717 2151 2777 per
2197 2715 2264 2760 sc
2311 2707 2374 2760 et

339 2788 748 2851 tantummodo
794 2806 1035 2867 poscam
1081 2786 1306 2849 bibere.

517 2876 928 2939 Inflationibus
983 2878 1405 2937 intestinorum
1461 2875 1709 2954 prodest
1752 2875 1847 2936 vel
1893 2875 2219 2954 serpullum
2267 2894 2373 2955 po·

339 2973 471 3027 tum
517 2984 590 3027 ex
637 2968 771 3027 vino
818 2968 989 3046 nigro
1028 2965 1121 3026 vel
1157 2966 1466 3026 cuminum
1503 2964 1834 3026 silvaticum
1871 2966 2081 3026 tritum
2119 2982 2193 3024 ex
2228 2967 2370 3025 vino
2397 2980 2446 3021 ao

338 3056 512 3133 nigro
557 3054 652 3115 vel
698 3073 848 3134 aqua
895 3063 1034 3135 pota
1080 3056 1344 3136 apiastri,
1394 3052 1552 3134 quod
1600 3052 1812 3115 Graeci
1858 3055 2090 3114 erotion
2136 3063 2371 3135 vocant,

338 3161 449 3222 per
505 3160 569 3204 se
619 3141 757 3204 data
799 3144 893 3204 vel
939 3161 1122 3205 sucus
1169 3144 1301 3203 eius
1346 3144 1484 3205 vino
1530 3143 1754 3203 mixtus
1798 3142 1893 3203 vel
1938 3143 2171 3221 origani
2214 3143 2372 3204 radi-

340 3250 442 3293 ces
499 3239 825 3293 contunsae
888 3231 961 3292 ad
1017 3231 1069 3292 X
1125 3230 1152 3290 Ι
1208 3250 1282 3292 ex
1335 3233 1474 3291 vino
1531 3232 1700 3292 datae
1755 3230 1849 3291 vel
1901 3238 2036 3292 ruta
2094 3232 2236 3292 trita
2299 3250 2372 3292 ex

340 3339 529 3401 aquae
585 3320 811 3401 cyathis
867 3320 974 3381 1111
1029 3327 1170 3400 pota
1224 3319 1318 3380 vel
1374 3319 1644 3381 eiusdem
1699 3319 1944 3381 decocta
1996 3319 2166 3380 radix
2231 3338 2371 3381 cum

521 3461 553 3510 2
590 3456 908 3513 nasciturci.
1073 3462 1105 3510 6
1144 3456 1312 3511 datur
1345 3458 1554 3511 teneas.
1718 3454 2007 3510 marmuii.
2172 3460 2204 3510 9
2241 3471 2371 3525 pro-

343 3526 496 3597 sunt]
532 3528 777 3596 prodest.
936 3533 1002 3581 13
1040 3525 1357 3582 filiciculae.
1515 3531 1581 3580 15
1620 3525 1856 3581 radicem
2013 3530 2081 3581 18
2117 3525 2371 3600 quando]

343 3596 640 3661 quomodo.
786 3603 855 3653 20
893 3598 1178 3654 cervesiae
1214 3613 1378 3653 nova.
1526 3603 1594 3652 23
1635 3595 1875 3653 cervisia
1909 3597 1960 3652 h.
2000 3597 2034 3652 1.
2071 3598 2168 3652 sic.
