2575 4092
1007 213 1485 278 —241—

398 373 704 446 §orticem
751 374 1065 453 caprificus
1110 375 1340 436 arboris
1397 375 1673 436 detrahes
1729 385 1789 437 et
1844 375 1986 438 dum
2040 394 2254 438 recens

226 471 317 524 est
375 463 450 523 ad
509 461 775 542 splenem
833 463 925 523 vel
979 465 1156 523 etiam
1205 466 1257 524 si
1304 482 1454 542 opus
1502 465 1684 524 suerit
1738 464 1808 525 ad
1855 467 2023 526 iecur
2069 484 2255 544 pones

226 561 288 614 et
333 551 438 613 ubi
485 560 684 611 tumor
730 551 853 611 sive
892 550 1144 612 durities
1182 551 1404 631 splenis
1443 552 1536 613 vel
1572 554 1787 613 iecoris
1825 554 1957 633 erit,
2002 553 2087 615 ibi
2125 573 2254 615 cor-

224 644 406 702 ticem
466 641 691 701 diutius
737 639 1097 722 continebiS,
1153 641 1365 702 deiude
1404 642 1467 701 in
1513 641 1676 702 fumo
1722 659 1851 702 eam
1898 642 2253 722 suspeudes3

8 754 11 759 ·
77 797 82 800 ,
170 747 199 788 ⁶
230 728 390 809 quod
449 747 586 790 cum
638 728 851 807 facies,
906 728 1169 809 rogabis,
1224 739 1291 790 ut
1349 732 1506 791 sicut
1560 739 1764 790 cortex
1820 729 1918 790 ille
1971 731 2255 810 paulatim

224 820 390 879 fumo
439 820 697 881 siccatus
744 819 988 897 arescit,
1044 819 1132 879 sic
1187 818 1355 898 splen
1404 817 1495 878 vel
1544 820 1714 881 iecur
1759 817 2082 881 laborantis
2128 838 2253 880 are·

227 914 373 967 scat.
461 905 621 967 Haec
668 915 865 966 autem
915 924 1012 966 res
1059 914 1292 968 tantum
1339 906 1515 987 valet,
1568 917 1635 968 ut
1682 908 1734 967 si
1778 906 1992 968 catulis
2040 926 2253 969 recens

229 998 383 1057 natis
431 995 545 1076 fiat,
594 993 869 1055 dicantur
915 996 1156 1055 omnino
1203 1014 1322 1057 non
1373 1013 1663 1057 crescere.

406 1081 620 1162 Cyperi
657 1080 818 1162 drag.
847 1082 938 1160 vl,
976 1084 1192 1145 radicis
1230 1103 1382 1164 quae
1419 1084 1813 1145 manducatur
1851 1085 2096 1145 seminis
2126 1103 2256 1165 cya-

149 1192 202 1232 ιο
228 1173 397 1234 thum
453 1189 643 1232 unum
696 1190 1061 1251 propensum
1118 1191 1255 1234 cum
1316 1191 1501 1252 aquae
1557 1175 1832 1235 sextariis
1878 1173 2073 1234 tribus
2119 1182 2255 1234 ante

229 1263 385 1322 diem
423 1260 639 1321 infusis
674 1262 738 1320 in
775 1260 887 1321 olla
926 1278 1073 1321 nova
1113 1262 1182 1321 ad
1220 1264 1427 1322 tertias
1467 1262 1784 1341 decoques,
1820 1269 2026 1342 postea
2066 1264 2255 1342 ipsam

228 1368 440 1430 aquam
485 1349 804 1427 potandam
849 1349 1076 1410 lienoso
1123 1351 1325 1410 ieiuno
1371 1368 1480 1429 per
1527 1349 1793 1412 triduum
1854 1350 2048 1432 dabis3
2105 1354 2255 1411 mire

228 1439 563 1500 subvenies.

409 1526 474 1586 Si
521 1528 655 1605 quis
701 1545 919 1605 agnum
965 1545 1177 1587 recens
1234 1533 1440 1586 natum
1491 1525 1804 1587 confestim
1849 1526 2123 1587 manibus
2171 1528 2254 1587 di·

150 1633 203 1680 ιε
229 1614 405 1675 vellat
441 1615 777 1695 lienemque
819 1617 966 1693 eiuS,
1003 1613 1108 1675 ubi
1147 1617 1488 1695 extraxerit,
1527 1613 1781 1675 calidum
1823 1632 2005 1694 super
2041 1614 2256 1676 lienem

231 1703 490 1764 dolentis
536 1704 784 1782 inponat
831 1722 898 1764 ac
945 1705 1125 1764 fascia
1174 1704 1317 1781 liget
1362 1712 1423 1764 et
1458 1704 1618 1764 dicat
1655 1702 1928 1764 adsidue:
1976 1703 2259 1765 Remedio

229 1793 406 1854 lienis
453 1793 623 1872 facio,
670 1802 909 1870 postera
957 1792 1053 1853 die
1100 1792 1399 1853 sublatum
1446 1792 1518 1853 de
1567 1809 1819 1870 corpore
1866 1794 1997 1852 eius
2043 1795 2260 1871 parieti

231 1881 519 1960 cubiculi,
572 1883 635 1941 in
686 1900 803 1960 quo
851 1881 1114 1942 lienosus
1162 1880 1423 1941 dormire
1471 1881 1681 1941 solitus
1733 1890 1850 1960 est,
1910 1880 2035 1941 luto
2091 1885 2260 1959 prius

229 1969 420 2049 inlito,
457 1979 524 2029 ut
558 1970 806 2030 haerere
845 1972 1052 2051 possit,
1090 1973 1335 2048 inponat
1372 1977 1548 2048 atque
1587 1970 1783 2047 ipsum
1823 1969 2014 2030 lutum
2054 1972 2260 2048 viginti

147 2077 202 2118 20
235 2066 466 2136 septem
522 2057 843 2136 signaculis
901 2060 1094 2138 signet
1149 2058 1220 2118 ad
1281 2058 1509 2135 singula
1558 2059 1789 2118 dicens:
1857 2056 2024 2118 Lieni
2073 2076 2258 2118 reme-

229 2147 397 2207 dium
460 2147 638 2227 facio,
693 2146 805 2207 hoc
861 2147 977 2207 tale
1033 2146 1362 2207 remedium
1421 2148 1470 2207 si
1528 2154 1619 2206 ter
1676 2145 1912 2227 fecerit,
1969 2148 2030 2206 in
2087 2165 2261 2208 omne

228 2245 471 2313 tempus
500 2235 793 2295 lienosum
825 2239 1099 2315 quamvis
1120 2236 1425 2296 infirmum
1460 2245 1520 2295 et
1546 2234 1985 2314 periclitantem
2013 2235 2261 2297 sanabit.

411 2323 497 2383 Ad
556 2323 821 2402 splenem
888 2324 1217 2385 remedium
1271 2325 1587 2402 probatum
1644 2326 1759 2385 sic:
1833 2323 2116 2403 Capparis
2170 2333 2263 2385 est

229 2412 418 2473 herba
474 2413 563 2472 vel
619 2413 937 2491 leguminis
993 2431 1209 2493 genus,
1274 2431 1409 2474 nam
1479 2413 1681 2492 lupino
1737 2412 1960 2473 similes
2016 2413 2260 2493 siliquas

148 2519 204 2560 25
232 2501 445 2581 adfert,
493 2504 757 2562 nascitur
804 2503 867 2560 in
913 2502 1061 2562 locis
1109 2503 1362 2582 saxosis3
1406 2501 1587 2562 huius
1624 2500 1887 2562 radicem
1925 2500 2165 2579 colliges
2204 2513 2264 2561 et

229 2590 425 2651 findes
471 2591 533 2649 in
579 2599 779 2670 partes
827 2589 991 2669 duaS,
1031 2590 1282 2670 quarum
1325 2608 1500 2650 unam
1539 2588 1791 2649 siccabis
1822 2608 1888 2649 ac
1925 2591 2262 2651 minutatim

230 2679 514 2739 concides
570 2687 631 2738 et
677 2680 876 2739 mittes
922 2681 980 2739 in
1031 2678 1208 2757 pilam
1254 2679 1509 2756 ligneam
1556 2685 1734 2757 atque
1780 2677 1899 2738 illic
1946 2677 2262 2757 diligenter

229 2766 484 2847 tundes;
522 2767 733 2828 deinde
772 2769 832 2827 in
874 2766 1047 2827 ollam
1081 2767 1293 2828 rudem
1323 2768 1542 2827 coicies
1571 2774 1632 2825 et
1660 2784 1797 2826 cum
1825 2768 1979 2826 aceti
2006 2766 2262 2827 heminis

229 2855 429 2917 tribus
459 2854 530 2915 ad
554 2858 760 2916 tertias
791 2855 1090 2935 decoques
1118 2865 1179 2916 et
1207 2854 1430 2917 colabis
1459 2864 1636 2932 atque
1657 2856 1795 2915 inde
1815 2857 2015 2915 ieiuno
2037 2854 2261 2915 lienoso

149 2965 206 3003 so
235 2945 502 3023 singulas
541 2947 813 3023 potiones
852 2947 1066 3006 mixtas
1095 2943 1382 3004 bibendas
1411 2962 1519 3022 per
1550 2951 1775 3021 septem
1806 2943 1933 3004 dies
1963 2942 2129 3004 dabis
2164 2942 2263 3003 ob-

233 3044 600 3114 servaturuS,
643 3052 718 3093 ne
758 3052 866 3113 per
903 3032 1037 3094 illos
1076 3033 1203 3093 dies
1245 3049 1530 3110 umquam
1566 3032 1837 3110 frigidam
1878 3040 1980 3092 aut
2017 3032 2263 3094 calidam

234 3140 451 3201 aquam
479 3120 661 3204 bibat,
690 3121 794 3182 sed
825 3121 1233 3183 tantummodo
1254 3123 1456 3181 vinum
1478 3128 1649 3181 vetus
1667 3123 1914 3182 mixtum
1936 3139 2264 3202 meracum3

234 3218 466 3291 partem
507 3228 649 3270 vero
688 3210 989 3271 dimidiam
1020 3209 1238 3270 radicis
1266 3208 1428 3270 illius
1456 3210 1576 3270 lino
1606 3208 1816 3287 ligabis
1846 3220 1905 3270 et
1934 3210 2003 3269 ad
2035 3210 2262 3270 fumum

236 3298 569 3378 suspendes
616 3307 792 3378 atque
839 3299 986 3378 illic,
1035 3298 1222 3359 donec
1270 3299 1669 3378 persiccetur,
1717 3316 1956 3358 manere
2003 3299 2265 3376 patieris

418 3439 448 3487 ⁷
490 3434 724 3488 catulus.
871 3439 903 3488 9
945 3451 1149 3490 semen.
1300 3439 1364 3488 11
1405 3433 1746 3502 dequoques,
1895 3437 1959 3485 12
2001 3430 2263 3485 ieiunum.

240 3512 304 3560 1⁷
344 3508 570 3575 postero
611 3504 929 3560 Gornarius.
1111 3510 1180 3560 30
1227 3503 1459 3575 mixtas]
1508 3504 1717 3557 mittas.
1900 3500 2266 3556 observaturo

240 3575 563 3631 Gom-narius.
709 3582 778 3630 34
816 3576 1061 3645 patiaris.

344 3674 662 3726 Msncnmms,
687 3685 765 3715 m).
794 3675 1102 3716 Hnmmmcfl.
1880 3667 1946 3714 16

2291 391 2360 440 68

2293 1098 2361 1149 69

2295 1540 2363 1590 ‘10

2301 2338 2366 2387 71
