2575 4092
991 214 1473 277 ——111—

213 374 538 435 fluentibus
585 373 938 436 mirabiliter
982 375 1272 436 medetur.
1366 376 1611 438 Costum
1662 386 1980 438 contusum
2026 385 2087 438 et
2133 379 2244 439 cri·
2283 390 2350 439 41

155 485 160 490 ·
214 463 448 525 bratum
515 463 765 524 naribus
828 462 1105 525 infricato
1169 472 1229 525 et
1285 464 1641 543 profluvium
1703 468 1877 527 sistet
1929 474 1990 527 et
2044 466 2247 527 ulcera

213 552 463 613 sanabit.
556 552 754 613 Ranae
810 552 1056 613 rubetae
1111 555 1345 613 occisae
1399 556 1462 614 in
1519 553 1681 614 fumo
1727 553 2021 616 arefactae
2067 558 2247 634 parti·
2283 568 2354 617 42

217 640 367 722 cula,
405 651 628 720 quanta
665 640 981 721 videbitur,
1028 643 1092 702 in
1129 641 1374 703 linteolo
1412 642 1672 704 involuta
1710 652 1771 703 et
1807 661 1881 703 ex
1920 643 2056 705 licio
2094 644 2246 705 collo

151 746 181 787 5
214 747 505 810 suspensa
551 732 701 809 eiuS,
746 732 848 791 cui
891 748 1067 791 nares
1113 729 1326 810 fluunt,
1373 733 1522 803 mire
1568 731 1830 810 prodest.
1901 732 2114 794 Linum
2154 733 2246 793 vel
2281 745 2350 795 43

130 820 135 823 ’
214 835 476 899 papyrus
531 818 705 898 ligata
763 820 1090 880 summitati
1156 822 1380 881 veretri
1445 820 1630 881 virilis
1695 823 2044 899 sanguinem
2109 840 2243 901 pro·

213 909 499 968 fluentem
545 907 792 968 naribus
840 909 988 969 mire
1035 910 1326 987 reprimit.
1396 908 1512 970 Pili
1547 911 1776 989 caprini
1822 908 2101 971 conbusti
2146 911 2243 971 ad·
2282 923 2352 973 44

214 998 367 1057 iecta
406 1000 547 1078 pice
596 1004 656 1057 et
701 1004 869 1057 aceto
915 998 1125 1057 inserti
1174 997 1420 1058 naribus
1462 999 1581 1059 cito
1619 999 1967 1076 sanguinem
2007 1000 2243 1061 sistunt.

210 1085 373 1146 Lana
422 1085 625 1146 sucida
673 1104 743 1146 ex
792 1104 900 1145 ove
947 1085 1164 1146 femina
1210 1085 1490 1165 decerpta
1537 1095 1715 1166 atque
1769 1088 1991 1148 intorta
2049 1088 2244 1148 made·
2281 1099 2351 1150 46

125 1193 183 1232 1o
213 1176 487 1253 factaque
534 1192 668 1235 rosa
714 1173 938 1253 liquida
985 1182 1046 1235 et
1091 1174 1336 1236 naribus
1378 1176 1564 1236 indita
1602 1177 1908 1255 sanguinis
1946 1175 2245 1237 abundan-

211 1266 355 1324 tiam
403 1266 694 1341 reprimit.
785 1262 1032 1325 Cocleae
1087 1266 1262 1325 tritae
1311 1282 1449 1325 cum
1495 1273 1663 1326 aceto
1721 1264 1967 1326 naribus
2022 1265 2244 1326 inditae
2282 1277 2352 1328 46

212 1354 485 1431 quamvis
531 1370 774 1431 magnos
810 1352 1030 1413 fluores
1068 1354 1374 1430 sanguinis
1411 1362 1815 1433 compescunt.
1884 1353 1949 1415 Si
1986 1355 2238 1416 feminae
2281 1366 2349 1416 47

213 1443 456 1520 sanguis
503 1460 573 1501 ex
622 1440 868 1501 naribus
915 1443 1094 1502 nimie
1133 1441 1372 1523 defluat,
1415 1441 1769 1503 mammillae
1807 1443 1938 1504 eius
1975 1444 2241 1504 vincian-

211 1539 314 1591 tur
350 1532 609 1608 corrigio
647 1531 907 1610 caprino.
980 1528 1141 1590 Pilos
1178 1530 1288 1591 suh
1329 1539 1534 1591 ventre
1575 1532 1703 1591 vivo
1740 1529 1927 1610 lepori
1960 1531 2242 1591 candidos
2281 1542 2350 1593 48

126 1634 183 1675 ιε
212 1618 392 1680 velles
448 1625 509 1678 et
556 1618 820 1680 servabis
867 1626 926 1679 et
972 1637 1107 1679 cum
1161 1637 1308 1680 usus
1355 1621 1650 1698 exegerit,
1695 1620 1951 1680 intortos
2001 1618 2243 1680 naribus

211 1707 539 1768 fluentibus
587 1707 814 1768 fulcies.
888 1706 1228 1787 Specularia
1268 1707 1559 1768 conbusta
1598 1725 1669 1767 ex
1708 1714 1874 1767 aceto
1912 1716 2244 1787 temperan-
2280 1720 2349 1769 49

210 1805 312 1858 tur
367 1805 429 1856 et
474 1798 654 1857 fronti
702 1798 832 1857 eius
879 1795 1239 1877 inlinuntur,
1296 1798 1396 1857 cui
1443 1813 1618 1856 nares
1663 1794 1873 1856 fluunt.
1968 1795 2242 1874 Sl'ongiae
2281 1808 2351 1859 50

211 1885 522 1945 Africanae
570 1884 894 1946 conbustae
941 1887 1111 1965 cinis,
1157 1887 1209 1945 si
1255 1884 1503 1945 naribus
1544 1884 1871 1964 hauriatur,
1919 1883 2241 1964 plurimum

210 1974 471 2052 prodest.
531 1974 596 2034 Si
633 1985 692 2034 et
730 1992 838 2053 per
874 1992 1051 2034 nares
1090 1981 1150 2034 et
1185 1991 1296 2052 per
1333 1993 1400 2034 os
1428 1974 1673 2052 sanguis
1699 1972 1864 2055 fluat,
1901 1972 2085 2033 herba
2116 1991 2239 2033 ver·
2280 1984 2346 2034 61

124 2080 183 2120 so
211 2063 394 2143 bena,
449 2081 628 2141 quam
683 2062 891 2123 Graeci
948 2062 1378 2123 hierobotanen
1435 2063 1668 2142 dieunt,
1723 2080 1860 2123 cum
1917 2064 2044 2123 suis
2090 2062 2242 2123 radi·

212 2151 385 2212 cibus
434 2170 503 2212 ex
553 2170 704 2231 aqua
742 2151 984 2212 decocta
1024 2159 1086 2211 et
1121 2150 1420 2230 percolata
1457 2159 1715 2231 potatur.
1780 2150 2030 2213 Porrum
2070 2155 2242 2212 secti·
2281 2164 2348 2213 52

213 2259 350 2302 vum
407 2249 537 2302 tere
594 2249 655 2301 et
700 2259 911 2301 sucum
968 2240 1216 2301 cerebro
1273 2242 1404 2302 eius
1459 2239 1736 2321 infunde,
1791 2243 1897 2318 qui
1951 2241 2241 2321 profluvio

210 2331 449 2389 narium
503 2328 760 2409 laborat,
825 2331 1025 2390 statim
1088 2328 1422 2390 medebere.
1520 2328 1865 2390 Milefolium
1931 2348 2003 2390 ex
2073 2337 2240 2390 aceto
2280 2340 2348 2391 53

211 2420 432 2479 teritur
476 2426 536 2479 et
572 2417 817 2479 naribus
855 2418 1146 2499 hauritur,
1195 2421 1479 2479 continuo
1518 2420 1786 2496 quamvis
1824 2420 2072 2478 nimium
2112 2435 2241 2477 san-

125 2522 183 2563 25
210 2510 457 2586 guinem
511 2509 684 2567 sistit.
776 2506 843 2567 Si
898 2525 969 2567 ex
1024 2526 1141 2567 una
1189 2524 1333 2567 nare
1381 2508 1623 2584 sanguis
1669 2505 1902 2588 defluit,
1949 2505 2241 2565 diversam
2279 2518 2348 2568 54

211 2595 542 2656 auriculam
582 2614 718 2656 cera
763 2595 1087 2656 obturabis
1146 2593 1396 2655 Carmen
1438 2594 1508 2655 ad
1547 2593 1904 2675 profluvium
1935 2596 2240 2673 sanguinis
2279 2607 2347 2656 65

211 2703 286 2744 ex
333 2702 710 2763 quocumque
759 2684 1026 2745 membro
1074 2686 1383 2744 manantis,
1458 2683 1701 2763 Locum,
1749 2701 1820 2743 ex
1859 2702 1976 2762 quo
2015 2683 2239 2763 defluit,

210 2773 399 2851 digito
445 2773 782 2834 medicinali
829 2783 1034 2851 tanges
1082 2781 1141 2833 et
1186 2774 1369 2833 vicies
1405 2774 1626 2851 septies
1665 2772 1830 2832 dices
1867 2781 1927 2832 et
1965 2774 2241 2850 quotiens

209 2861 472 2923 volueris
518 2870 773 2941 repetes,
818 2862 1008 2922 donec
1050 2862 1303 2921 fluorem
1347 2864 1676 2941 pervincaS,
1718 2878 1941 2920 socnon
1991 2878 2241 2941 socnon3

126 2965 183 3005 so
208 2952 366 3011 mire
412 2950 673 3029 prodest.
764 2950 1044 3012 Pollicem
1100 2959 1161 3011 et
1211 2948 1622 3010 medicinalem
1668 2949 1920 3027 digitum
1968 2967 1998 3009 a
2046 2949 2240 3010 fronte
2279 2962 2347 3013 56

210 3058 406 3119 usque
456 3039 526 3099 ad
575 3039 891 3100 cerebrum
945 3048 1006 3100 et
1062 3039 1197 3099 inde
1253 3057 1444 3117 usque
1492 3037 1565 3099 ad
1612 3040 1905 3098 cervicem
1952 3038 2135 3099 duces
2182 3045 2242 3098 et

207 3131 497 3207 nonagies
545 3131 748 3189 novies
790 3128 981 3189 dices:
1028 3130 1232 3189 sirmio
1279 3129 1514 3208 sirmi03
1560 3126 1720 3205 quod
1758 3126 1830 3186 ad
1868 3144 2072 3188 aurem
2111 3129 2240 3187 eius

209 3219 402 3295 partis
448 3217 569 3277 dici
614 3225 875 3298 oportet,
923 3217 997 3277 de
1045 3236 1159 3296 qua
1210 3236 1351 3277 nare
1400 3218 1640 3294 sanguis
1685 3218 2044 3294 propensius
2090 3215 2238 3275 fluit.

208 3305 473 3366 Herham
512 3308 867 3366 vettonicam
907 3314 1083 3386 teres,
1121 3308 1222 3366 cui
1249 3305 1554 3384 paululum
1586 3304 1740 3384 saliS,
1778 3312 2066 3382 quantum
2096 3303 2238 3363 duo·
2278 3313 2345 3364 5⁷

128 3408 181 3450 35
211 3394 327 3455 bus
384 3395 586 3474 digitis
641 3393 852 3474 pollice
909 3404 969 3456 et
1022 3395 1359 3455 medicinali
1413 3411 1625 3472 capere
1677 3395 1971 3471 potueriS,
2019 3392 2239 3452 adicies

358 3589 390 3637 2
430 3582 601 3638 sistit.
744 3588 779 3637 4
816 3585 875 3638 et
908 3600 1012 3640 om.
1161 3588 1193 3637 6
1230 3582 1476 3652 papirus.
1625 3584 1690 3632 18
1727 3579 1993 3633 auriatur.
