<?xml version="1.0" encoding="UTF-8"?>
<!DOCTYPE html PUBLIC "-//W3C//DTD XHTML 1.0 Transitional//EN"
    "http://www.w3.org/TR/xhtml1/DTD/xhtml1-transitional.dtd">
<html xmlns="http://www.w3.org/1999/xhtml" xml:lang="en" lang="en">
 <head>
  <title>
</title>
<meta http-equiv="Content-Type" content="text/html;charset=utf-8" />
  <meta name='ocr-system' content='tesseract 3.04.00' />
  <meta name='ocr-capabilities' content='ocr_page ocr_carea ocr_par ocr_line ocrx_word'/>
</head>
<body>
  <div class='ocr_page' id='page_1' title='image "./marcellidemedic00unkngoog_0166.png"; bbox 0 0 2575 4092; ppageno 0'>
   <div class='ocr_carea' id='block_1_1' title="bbox 1102 216 1576 282">
    <p class='ocr_par' dir='ltr' id='par_1_1' title="bbox 1102 216 1576 282">
     <span class='ocr_line' id='line_1_1' title="bbox 1102 216 1576 282; baseline 0 -1"><span class='ocrx_word' id='word_1_1' title='bbox 1102 253 1176 264; x_wconf 89' lang='lat'><strong>—-</strong></span> <span class='ocrx_word' id='word_1_2' title='bbox 1277 216 1576 282; x_wconf 86' lang='lat'>146-</span> 
     </span>
    </p>
   </div>
   <div class='ocr_carea' id='block_1_2' title="bbox 195 378 2445 3385">
    <p class='ocr_par' dir='ltr' id='par_1_2' title="bbox 223 378 2361 547">
     <span class='ocr_line' id='line_1_2' title="bbox 223 378 2361 458; baseline -0.001 -17"><span class='ocrx_word' id='word_1_3' title='bbox 223 391 298 441; x_wconf 78' lang='grc'><strong>54</strong></span> <span class='ocrx_word' id='word_1_4' title='bbox 334 386 567 458; x_wconf 82' lang='lat' dir='ltr'><strong>gantur.</strong></span> <span class='ocrx_word' id='word_1_5' title='bbox 653 378 867 441; x_wconf 91' lang='lat' dir='ltr'><strong>Cancri</strong></span> <span class='ocrx_word' id='word_1_6' title='bbox 911 379 1178 441; x_wconf 88' lang='lat' dir='ltr'><strong>fluviales</strong></span> <span class='ocrx_word' id='word_1_7' title='bbox 1223 378 1522 441; x_wconf 83' lang='lat' dir='ltr'><strong>combusti</strong></span> <span class='ocrx_word' id='word_1_8' title='bbox 1567 381 1697 440; x_wconf 90' lang='lat' dir='ltr'><strong>triti</strong></span> <span class='ocrx_word' id='word_1_9' title='bbox 1749 385 1811 440; x_wconf 87' lang='lat' dir='ltr'><strong>et</strong></span> <span class='ocrx_word' id='word_1_10' title='bbox 1855 397 1992 440; x_wconf 91' lang='lat' dir='ltr'><strong>cum</strong></span> <span class='ocrx_word' id='word_1_11' title='bbox 2040 378 2214 439; x_wconf 92' lang='lat' dir='ltr'><strong>melle</strong></span> <span class='ocrx_word' id='word_1_12' title='bbox 2261 379 2361 440; x_wconf 91' lang='lat' dir='ltr'><strong>ad-</strong></span> 
     </span>
     <span class='ocr_line' id='line_1_3' title="bbox 332 468 2361 547; baseline -0 -19"><span class='ocrx_word' id='word_1_13' title='bbox 332 470 513 547; x_wconf 80' lang='lat' dir='ltr'><strong>positi</strong></span> <span class='ocrx_word' id='word_1_14' title='bbox 559 475 820 529; x_wconf 81' lang='lat' dir='ltr'><strong>strumas</strong></span> <span class='ocrx_word' id='word_1_15' title='bbox 866 469 1211 530; x_wconf 88' lang='lat' dir='ltr'><strong>discutiunt.</strong></span> <span class='ocrx_word' id='word_1_16' title='bbox 1294 468 1458 529; x_wconf 88' lang='lat' dir='ltr'><strong>Idem</strong></span> <span class='ocrx_word' id='word_1_17' title='bbox 1503 473 1809 547; x_wconf 82' lang='lat' dir='ltr'><strong>praestant</strong></span> <span class='ocrx_word' id='word_1_18' title='bbox 1857 473 1920 528; x_wconf 87' lang='lat' dir='ltr'><strong>et</strong></span> <span class='ocrx_word' id='word_1_19' title='bbox 1964 475 2152 528; x_wconf 89' lang='lat' dir='ltr'><strong>testae</strong></span> <span class='ocrx_word' id='word_1_20' title='bbox 2198 468 2361 528; x_wconf 89' lang='lat' dir='ltr'><strong>echi-</strong></span> 
     </span>
    </p>

    <p class='ocr_par' dir='ltr' id='par_1_3' title="bbox 220 556 2423 992">
     <span class='ocr_line' id='line_1_4' title="bbox 220 556 2423 636; baseline 0 -18"><span class='ocrx_word' id='word_1_21' title='bbox 220 568 290 618; x_wconf 85' lang='grc'><strong>55</strong></span> <span class='ocrx_word' id='word_1_22' title='bbox 331 574 548 617; x_wconf 90' lang='lat' dir='ltr'><strong>norum</strong></span> <span class='ocrx_word' id='word_1_23' title='bbox 594 576 668 618; x_wconf 87' lang='lat' dir='ltr'><strong>ex</strong></span> <span class='ocrx_word' id='word_1_24' title='bbox 714 564 883 618; x_wconf 88' lang='lat' dir='ltr'><strong>aceto</strong></span> <span class='ocrx_word' id='word_1_25' title='bbox 928 559 1103 618; x_wconf 88' lang='lat' dir='ltr'><strong>tritae</strong></span> <span class='ocrx_word' id='word_1_26' title='bbox 1151 564 1213 618; x_wconf 89' lang='lat' dir='ltr'><strong>et</strong></span> <span class='ocrx_word' id='word_1_27' title='bbox 1249 557 1568 636; x_wconf 87' lang='lat' dir='ltr'><strong>adpositae.</strong></span> <span class='ocrx_word' id='word_1_28' title='bbox 1635 556 1702 616; x_wconf 92' lang='lat' dir='ltr'><strong>Si</strong></span> <span class='ocrx_word' id='word_1_29' title='bbox 1736 556 1994 617; x_wconf 87' lang='lat' dir='ltr'><strong>volueris</strong></span> <span class='ocrx_word' id='word_1_30' title='bbox 2031 556 2361 636; x_wconf 86' lang='lat' dir='ltr'><strong>explorare,</strong></span> <span class='ocrx_word' id='word_1_31' title='bbox 2419 613 2423 618; x_wconf 83' lang='lat'>.</span> 
     </span>
     <span class='ocr_line' id='line_1_5' title="bbox 330 644 2360 728; baseline -0 -23"><span class='ocrx_word' id='word_1_32' title='bbox 330 653 536 708; x_wconf 89' lang='lat' dir='ltr'><strong>utrum</strong></span> <span class='ocrx_word' id='word_1_33' title='bbox 582 653 809 707; x_wconf 88' lang='lat' dir='ltr'><strong>struma</strong></span> <span class='ocrx_word' id='word_1_34' title='bbox 857 648 937 708; x_wconf 89' lang='lat' dir='ltr'><strong>sit</strong></span> <span class='ocrx_word' id='word_1_35' title='bbox 981 646 1100 707; x_wconf 91' lang='lat' dir='ltr'><strong>loci</strong></span> <span class='ocrx_word' id='word_1_36' title='bbox 1133 646 1314 728; x_wconf 86' lang='lat' dir='ltr'><strong>illius,</strong></span> <span class='ocrx_word' id='word_1_37' title='bbox 1360 648 1464 725; x_wconf 89' lang='lat' dir='ltr'><strong>qui</strong></span> <span class='ocrx_word' id='word_1_38' title='bbox 1501 644 1774 723; x_wconf 85' lang='lat' dir='ltr'><strong>tumebit,</strong></span> <span class='ocrx_word' id='word_1_39' title='bbox 1819 651 2134 723; x_wconf 87' lang='lat' dir='ltr'><strong>antequam</strong></span> <span class='ocrx_word' id='word_1_40' title='bbox 2174 644 2360 705; x_wconf 89' lang='lat' dir='ltr'><strong>medi-</strong></span> 
     </span>
     <span class='ocr_line' id='line_1_6' title="bbox 328 732 2417 815; baseline -0.001 -20"><span class='ocrx_word' id='word_1_41' title='bbox 328 737 524 795; x_wconf 82' lang='lat' dir='ltr'><strong>cinam</strong></span> <span class='ocrx_word' id='word_1_42' title='bbox 562 734 860 815; x_wconf 76' lang='lat' dir='ltr'><strong>adhibeaS,</strong></span> <span class='ocrx_word' id='word_1_43' title='bbox 896 734 1256 796; x_wconf 83' lang='lat' dir='ltr'><strong>lumbricum</strong></span> <span class='ocrx_word' id='word_1_44' title='bbox 1293 741 1645 795; x_wconf 82' lang='lat' dir='ltr'><strong>terrestrem</strong></span> <span class='ocrx_word' id='word_1_45' title='bbox 1683 734 1755 794; x_wconf 94' lang='lat' dir='ltr'><strong>ad</strong></span> <span class='ocrx_word' id='word_1_46' title='bbox 1794 741 2090 794; x_wconf 91' lang='lat' dir='ltr'><strong>tumorem</strong></span> <span class='ocrx_word' id='word_1_47' title='bbox 2128 732 2361 811; x_wconf 88' lang='lat' dir='ltr'><strong>adplica</strong></span> <span class='ocrx_word' id='word_1_48' title='bbox 2389 750 2417 791; x_wconf 79' lang='lat'><strong>5</strong></span> 
     </span>
     <span class='ocr_line' id='line_1_7' title="bbox 329 820 2363 904; baseline -0 -21"><span class='ocrx_word' id='word_1_49' title='bbox 329 830 392 883; x_wconf 89' lang='lat' dir='ltr'><strong>et</strong></span> <span class='ocrx_word' id='word_1_50' title='bbox 444 830 652 903; x_wconf 89' lang='lat' dir='ltr'><strong>postea</strong></span> <span class='ocrx_word' id='word_1_51' title='bbox 709 841 891 904; x_wconf 89' lang='lat' dir='ltr'><strong>super</strong></span> <span class='ocrx_word' id='word_1_52' title='bbox 944 823 1149 884; x_wconf 84' lang='lat' dir='ltr'><strong>folium</strong></span> <span class='ocrx_word' id='word_1_53' title='bbox 1201 842 1385 904; x_wconf 86' lang='lat' dir='ltr'><strong>pone;</strong></span> <span class='ocrx_word' id='word_1_54' title='bbox 1441 824 1494 884; x_wconf 93' lang='lat' dir='ltr'><strong>si</strong></span> <span class='ocrx_word' id='word_1_55' title='bbox 1550 831 1778 883; x_wconf 88' lang='lat' dir='ltr'><strong>struma</strong></span> <span class='ocrx_word' id='word_1_56' title='bbox 1825 824 1964 903; x_wconf 88' lang='lat' dir='ltr'><strong>erit,</strong></span> <span class='ocrx_word' id='word_1_57' title='bbox 2028 820 2363 882; x_wconf 89' lang='lat' dir='ltr'><strong>lumbricus</strong></span> 
     </span>
     <span class='ocr_line' id='line_1_8' title="bbox 328 910 2362 992; baseline -0 -21"><span class='ocrx_word' id='word_1_58' title='bbox 328 918 489 973; x_wconf 90' lang='lat' dir='ltr'><strong>terra</strong></span> <span class='ocrx_word' id='word_1_59' title='bbox 537 912 667 974; x_wconf 85' lang='lat' dir='ltr'><strong>fiet:</strong></span> <span class='ocrx_word' id='word_1_60' title='bbox 715 915 765 972; x_wconf 91' lang='lat' dir='ltr'><strong>si</strong></span> <span class='ocrx_word' id='word_1_61' title='bbox 811 930 932 973; x_wconf 91' lang='lat' dir='ltr'><strong>non</strong></span> <span class='ocrx_word' id='word_1_62' title='bbox 978 914 1095 972; x_wconf 91' lang='lat' dir='ltr'><strong>erit</strong></span> <span class='ocrx_word' id='word_1_63' title='bbox 1140 921 1386 992; x_wconf 86' lang='lat' dir='ltr'><strong>struma,</strong></span> <span class='ocrx_word' id='word_1_64' title='bbox 1431 914 1665 990; x_wconf 87' lang='lat' dir='ltr'><strong>integer</strong></span> <span class='ocrx_word' id='word_1_65' title='bbox 1710 919 1888 991; x_wconf 89' lang='lat' dir='ltr'><strong>atque</strong></span> <span class='ocrx_word' id='word_1_66' title='bbox 1925 910 2186 971; x_wconf 90' lang='lat' dir='ltr'><strong>inlaesus</strong></span> <span class='ocrx_word' id='word_1_67' title='bbox 2223 929 2362 989; x_wconf 83' lang='lat' dir='ltr'><strong>per-</strong></span> 
     </span>
    </p>

    <p class='ocr_par' dir='ltr' id='par_1_4' title="bbox 215 999 2364 1080">
     <span class='ocr_line' id='line_1_9' title="bbox 215 999 2364 1080; baseline -0.001 -19"><span class='ocrx_word' id='word_1_68' title='bbox 215 1012 288 1063; x_wconf 79' lang='grc'><strong>56</strong></span> <span class='ocrx_word' id='word_1_69' title='bbox 327 999 606 1061; x_wconf 88' lang='lat' dir='ltr'><strong>manebit.</strong></span> <span class='ocrx_word' id='word_1_70' title='bbox 688 1000 934 1080; x_wconf 89' lang='lat' dir='ltr'><strong>Saepiae</strong></span> <span class='ocrx_word' id='word_1_71' title='bbox 979 1008 1134 1061; x_wconf 86' lang='lat' dir='ltr'><strong>testa</strong></span> <span class='ocrx_word' id='word_1_72' title='bbox 1181 1002 1579 1061; x_wconf 88' lang='lat' dir='ltr'><strong>minutissime</strong></span> <span class='ocrx_word' id='word_1_73' title='bbox 1626 1008 1874 1061; x_wconf 87' lang='lat' dir='ltr'><strong>contusa</strong></span> <span class='ocrx_word' id='word_1_74' title='bbox 1921 1018 2057 1061; x_wconf 89' lang='lat' dir='ltr'><strong>cum</strong></span> <span class='ocrx_word' id='word_1_75' title='bbox 2105 1002 2364 1078; x_wconf 78' lang='lat' dir='ltr'><strong>axungia</strong></span> 
     </span>
    </p>

    <p class='ocr_par' dir='ltr' id='par_1_5' title="bbox 217 1087 2445 1255">
     <span class='ocr_line' id='line_1_10' title="bbox 217 1087 2362 1167; baseline -0.001 -17"><span class='ocrx_word' id='word_1_76' title='bbox 217 1101 289 1151; x_wconf 77' lang='grc'><strong>57</strong></span> <span class='ocrx_word' id='word_1_77' title='bbox 328 1097 531 1151; x_wconf 84' lang='lat' dir='ltr'><strong>vetere</strong></span> <span class='ocrx_word' id='word_1_78' title='bbox 590 1088 835 1149; x_wconf 89' lang='lat' dir='ltr'><strong>subacta</strong></span> <span class='ocrx_word' id='word_1_79' title='bbox 889 1098 950 1149; x_wconf 89' lang='lat' dir='ltr'><strong>et</strong></span> <span class='ocrx_word' id='word_1_80' title='bbox 997 1091 1253 1167; x_wconf 88' lang='lat' dir='ltr'><strong>inposita</strong></span> <span class='ocrx_word' id='word_1_81' title='bbox 1303 1091 1549 1150; x_wconf 87' lang='lat' dir='ltr'><strong>strumis</strong></span> <span class='ocrx_word' id='word_1_82' title='bbox 1595 1088 1885 1149; x_wconf 87' lang='lat' dir='ltr'><strong>medetur.</strong></span> <span class='ocrx_word' id='word_1_83' title='bbox 1977 1087 2362 1149; x_wconf 89' lang='lat' dir='ltr'><strong>Nasturcium</strong></span> 
     </span>
     <span class='ocr_line' id='line_1_11' title="bbox 329 1176 2445 1255; baseline -0.002 -18"><span class='ocrx_word' id='word_1_84' title='bbox 329 1195 467 1238; x_wconf 89' lang='lat' dir='ltr'><strong>cum</strong></span> <span class='ocrx_word' id='word_1_85' title='bbox 515 1176 776 1238; x_wconf 89' lang='lat' dir='ltr'><strong>alumine</strong></span> <span class='ocrx_word' id='word_1_86' title='bbox 823 1180 1145 1238; x_wconf 89' lang='lat' dir='ltr'><strong>contritum</strong></span> <span class='ocrx_word' id='word_1_87' title='bbox 1184 1178 1420 1239; x_wconf 89' lang='lat' dir='ltr'><strong>inlitum</strong></span> <span class='ocrx_word' id='word_1_88' title='bbox 1457 1177 1551 1238; x_wconf 86' lang='lat' dir='ltr'><strong>vel</strong></span> <span class='ocrx_word' id='word_1_89' title='bbox 1587 1180 1913 1255; x_wconf 88' lang='lat' dir='ltr'><strong>inpositum</strong></span> <span class='ocrx_word' id='word_1_90' title='bbox 1952 1179 2197 1238; x_wconf 86' lang='lat' dir='ltr'><strong>strumis</strong></span> <span class='ocrx_word' id='word_1_91' title='bbox 2234 1179 2363 1255; x_wconf 91' lang='lat' dir='ltr'><strong>opi·</strong></span> <span class='ocrx_word' id='word_1_92' title='bbox 2390 1193 2445 1233; x_wconf 77' lang='grc' dir='ltr'><strong>ιο</strong></span> 
     </span>
    </p>

    <p class='ocr_par' dir='ltr' id='par_1_6' title="bbox 217 1264 2366 1523">
     <span class='ocr_line' id='line_1_12' title="bbox 217 1264 2363 1345; baseline -0 -18"><span class='ocrx_word' id='word_1_93' title='bbox 217 1278 287 1328; x_wconf 88' lang='grc'><strong>58</strong></span> <span class='ocrx_word' id='word_1_94' title='bbox 327 1264 633 1326; x_wconf 89' lang='lat' dir='ltr'><strong>tulabitur.</strong></span> <span class='ocrx_word' id='word_1_95' title='bbox 719 1266 1038 1345; x_wconf 88' lang='lat' dir='ltr'><strong>Talparum</strong></span> <span class='ocrx_word' id='word_1_96' title='bbox 1084 1268 1276 1345; x_wconf 90' lang='lat' dir='ltr'><strong>capita</strong></span> <span class='ocrx_word' id='word_1_97' title='bbox 1326 1268 1517 1327; x_wconf 88' lang='lat' dir='ltr'><strong>recisa</strong></span> <span class='ocrx_word' id='word_1_98' title='bbox 1564 1285 1702 1328; x_wconf 91' lang='lat' dir='ltr'><strong>cum</strong></span> <span class='ocrx_word' id='word_1_99' title='bbox 1748 1274 1908 1326; x_wconf 86' lang='lat' dir='ltr'><strong>terra</strong></span> <span class='ocrx_word' id='word_1_100' title='bbox 1956 1284 2062 1326; x_wconf 89' lang='lat' dir='ltr'><strong>sua</strong></span> <span class='ocrx_word' id='word_1_101' title='bbox 2109 1273 2363 1326; x_wconf 86' lang='lat' dir='ltr'><strong>contun-</strong></span> 
     </span>
     <span class='ocr_line' id='line_1_13' title="bbox 329 1354 2363 1435; baseline 0 -22"><span class='ocrx_word' id='word_1_102' title='bbox 329 1354 556 1414; x_wconf 87' lang='lat' dir='ltr'><strong>duntur</strong></span> <span class='ocrx_word' id='word_1_103' title='bbox 603 1362 665 1415; x_wconf 89' lang='lat' dir='ltr'><strong>et</strong></span> <span class='ocrx_word' id='word_1_104' title='bbox 708 1372 818 1433; x_wconf 97' lang='lat' dir='ltr'><strong>pro</strong></span> <span class='ocrx_word' id='word_1_105' title='bbox 866 1354 1187 1434; x_wconf 89' lang='lat' dir='ltr'><strong>emplastro</strong></span> <span class='ocrx_word' id='word_1_106' title='bbox 1225 1354 1608 1435; x_wconf 86' lang='lat' dir='ltr'><strong>adponuntur</strong></span> <span class='ocrx_word' id='word_1_107' title='bbox 1645 1357 1910 1435; x_wconf 79' lang='lat' dir='ltr'><strong>strumiS,</strong></span> <span class='ocrx_word' id='word_1_108' title='bbox 1958 1354 2185 1415; x_wconf 86' lang='lat' dir='ltr'><strong>utiliter</strong></span> <span class='ocrx_word' id='word_1_109' title='bbox 2220 1372 2363 1433; x_wconf 88' lang='lat' dir='ltr'><strong>pro-</strong></span> 
     </span>
     <span class='ocr_line' id='line_1_14' title="bbox 321 1441 2366 1523; baseline 0 -20"><span class='ocrx_word' id='word_1_110' title='bbox 321 1450 497 1523; x_wconf 63' lang='lat' dir='ltr'><strong>,sunt3</strong></span> <span class='ocrx_word' id='word_1_111' title='bbox 542 1441 618 1503; x_wconf 93' lang='lat' dir='ltr'><strong>ob</strong></span> <span class='ocrx_word' id='word_1_112' title='bbox 668 1443 826 1521; x_wconf 87' lang='lat' dir='ltr'><strong>quod</strong></span> <span class='ocrx_word' id='word_1_113' title='bbox 872 1443 1093 1522; x_wconf 88' lang='lat' dir='ltr'><strong>pastilli</strong></span> <span class='ocrx_word' id='word_1_114' title='bbox 1137 1444 1276 1504; x_wconf 91' lang='lat' dir='ltr'><strong>inde</strong></span> <span class='ocrx_word' id='word_1_115' title='bbox 1325 1444 1468 1504; x_wconf 84' lang='lat' dir='ltr'><strong>facti</strong></span> <span class='ocrx_word' id='word_1_116' title='bbox 1511 1445 1572 1504; x_wconf 91' lang='lat' dir='ltr'><strong>in</strong></span> <span class='ocrx_word' id='word_1_117' title='bbox 1614 1444 1828 1523; x_wconf 78' lang='lat' dir='ltr'><strong>pyxide</strong></span> <span class='ocrx_word' id='word_1_118' title='bbox 1867 1450 2110 1521; x_wconf 88' lang='lat' dir='ltr'><strong>stagnea</strong></span> <span class='ocrx_word' id='word_1_119' title='bbox 2147 1445 2366 1521; x_wconf 86' lang='lat' dir='ltr'><strong>reponi</strong></span> 
     </span>
    </p>

    <p class='ocr_par' dir='ltr' id='par_1_7' title="bbox 215 1530 2442 1700">
     <span class='ocr_line' id='line_1_15' title="bbox 215 1530 2365 1614; baseline 0 -23"><span class='ocrx_word' id='word_1_120' title='bbox 215 1542 287 1592; x_wconf 84' lang='grc'><strong>59</strong></span> <span class='ocrx_word' id='word_1_121' title='bbox 331 1530 569 1611; x_wconf 86' lang='lat' dir='ltr'><strong>debent,</strong></span> <span class='ocrx_word' id='word_1_122' title='bbox 615 1541 684 1593; x_wconf 93' lang='lat' dir='ltr'><strong>ut</strong></span> <span class='ocrx_word' id='word_1_123' title='bbox 721 1540 960 1611; x_wconf 88' lang='lat' dir='ltr'><strong>praesto</strong></span> <span class='ocrx_word' id='word_1_124' title='bbox 1003 1534 1143 1614; x_wconf 88' lang='lat' dir='ltr'><strong>sint,</strong></span> <span class='ocrx_word' id='word_1_125' title='bbox 1188 1550 1325 1593; x_wconf 93' lang='lat' dir='ltr'><strong>cum</strong></span> <span class='ocrx_word' id='word_1_126' title='bbox 1374 1550 1524 1611; x_wconf 88' lang='lat' dir='ltr'><strong>opus</strong></span> <span class='ocrx_word' id='word_1_127' title='bbox 1572 1541 1679 1593; x_wconf 87' lang='lat' dir='ltr'><strong>est.</strong></span> <span class='ocrx_word' id='word_1_128' title='bbox 1749 1531 1887 1593; x_wconf 87' lang='lat' dir='ltr'><strong>Calx</strong></span> <span class='ocrx_word' id='word_1_129' title='bbox 1926 1534 2054 1592; x_wconf 87' lang='lat' dir='ltr'><strong>viva</strong></span> <span class='ocrx_word' id='word_1_130' title='bbox 2091 1550 2227 1592; x_wconf 90' lang='lat' dir='ltr'><strong>cum</strong></span> <span class='ocrx_word' id='word_1_131' title='bbox 2265 1550 2365 1591; x_wconf 70' lang='lat' dir='ltr'><strong>re-</strong></span> 
     </span>
     <span class='ocr_line' id='line_1_16' title="bbox 327 1619 2442 1700; baseline -0.001 -20"><span class='ocrx_word' id='word_1_132' title='bbox 327 1622 458 1681; x_wconf 90' lang='lat' dir='ltr'><strong>sina</strong></span> <span class='ocrx_word' id='word_1_133' title='bbox 496 1619 718 1700; x_wconf 89' lang='lat' dir='ltr'><strong>liquida</strong></span> <span class='ocrx_word' id='word_1_134' title='bbox 757 1627 817 1681; x_wconf 89' lang='lat' dir='ltr'><strong>et</strong></span> <span class='ocrx_word' id='word_1_135' title='bbox 855 1621 1026 1700; x_wconf 87' lang='lat' dir='ltr'><strong>adipe</strong></span> <span class='ocrx_word' id='word_1_136' title='bbox 1065 1621 1233 1681; x_wconf 88' lang='lat' dir='ltr'><strong>suilla</strong></span> <span class='ocrx_word' id='word_1_137' title='bbox 1272 1620 1518 1682; x_wconf 89' lang='lat' dir='ltr'><strong>subacta</strong></span> <span class='ocrx_word' id='word_1_138' title='bbox 1557 1629 1618 1681; x_wconf 90' lang='lat' dir='ltr'><strong>et</strong></span> <span class='ocrx_word' id='word_1_139' title='bbox 1655 1620 1853 1681; x_wconf 93' lang='lat' dir='ltr'><strong>addito</strong></span> <span class='ocrx_word' id='word_1_140' title='bbox 1891 1620 2065 1681; x_wconf 89' lang='lat' dir='ltr'><strong>melle</strong></span> <span class='ocrx_word' id='word_1_141' title='bbox 2097 1622 2362 1698; x_wconf 82' lang='lat' dir='ltr'><strong>inposita</strong></span> <span class='ocrx_word' id='word_1_142' title='bbox 2392 1636 2442 1677; x_wconf 82' lang='lat'><strong>1⁵</strong></span> 
     </span>
    </p>

    <p class='ocr_par' dir='ltr' id='par_1_8' title="bbox 212 1709 2362 1789">
     <span class='ocr_line' id='line_1_17' title="bbox 212 1709 2362 1789; baseline -0 -19"><span class='ocrx_word' id='word_1_143' title='bbox 212 1721 285 1770; x_wconf 80' lang='lat'><strong>60</strong></span> <span class='ocrx_word' id='word_1_144' title='bbox 323 1711 572 1769; x_wconf 88' lang='lat' dir='ltr'><strong>strumis</strong></span> <span class='ocrx_word' id='word_1_145' title='bbox 630 1710 778 1770; x_wconf 91' lang='lat' dir='ltr'><strong>mire</strong></span> <span class='ocrx_word' id='word_1_146' title='bbox 824 1710 1114 1771; x_wconf 90' lang='lat' dir='ltr'><strong>medetur.</strong></span> <span class='ocrx_word' id='word_1_147' title='bbox 1197 1709 1563 1789; x_wconf 81' lang='lat' dir='ltr'><strong>Ungularum</strong></span> <span class='ocrx_word' id='word_1_148' title='bbox 1611 1712 1963 1788; x_wconf 88' lang='lat' dir='ltr'><strong>equinarum</strong></span> <span class='ocrx_word' id='word_1_149' title='bbox 2012 1720 2362 1769; x_wconf 83' lang='lat' dir='ltr'><strong>exustarum</strong></span> 
     </span>
    </p>

    <p class='ocr_par' dir='ltr' id='par_1_9' title="bbox 214 1797 2362 1967">
     <span class='ocr_line' id='line_1_18' title="bbox 214 1797 2362 1877; baseline -0 -19"><span class='ocrx_word' id='word_1_150' title='bbox 214 1809 285 1858; x_wconf 85' lang='lat'><strong>61</strong></span> <span class='ocrx_word' id='word_1_151' title='bbox 326 1798 480 1857; x_wconf 88' lang='lat' dir='ltr'><strong>cinis</strong></span> <span class='ocrx_word' id='word_1_152' title='bbox 527 1816 663 1859; x_wconf 90' lang='lat' dir='ltr'><strong>cum</strong></span> <span class='ocrx_word' id='word_1_153' title='bbox 712 1797 840 1858; x_wconf 92' lang='lat' dir='ltr'><strong>oleo</strong></span> <span class='ocrx_word' id='word_1_154' title='bbox 878 1800 1174 1877; x_wconf 87' lang='lat' dir='ltr'><strong>inpositus</strong></span> <span class='ocrx_word' id='word_1_155' title='bbox 1210 1798 1304 1859; x_wconf 84' lang='lat' dir='ltr'><strong>vel</strong></span> <span class='ocrx_word' id='word_1_156' title='bbox 1342 1798 1550 1859; x_wconf 90' lang='lat' dir='ltr'><strong>inlitus</strong></span> <span class='ocrx_word' id='word_1_157' title='bbox 1587 1800 1834 1859; x_wconf 85' lang='lat' dir='ltr'><strong>strumis</strong></span> <span class='ocrx_word' id='word_1_158' title='bbox 1872 1798 2162 1859; x_wconf 88' lang='lat' dir='ltr'><strong>medetur.</strong></span> <span class='ocrx_word' id='word_1_159' title='bbox 2226 1797 2362 1858; x_wconf 89' lang='lat' dir='ltr'><strong>Acu</strong></span> 
     </span>
     <span class='ocr_line' id='line_1_19' title="bbox 324 1886 2359 1967; baseline 0 -22"><span class='ocrx_word' id='word_1_160' title='bbox 324 1902 512 1966; x_wconf 89' lang='lat' dir='ltr'><strong>ossea,</strong></span> <span class='ocrx_word' id='word_1_161' title='bbox 558 1886 619 1947; x_wconf 93' lang='lat' dir='ltr'><strong>id</strong></span> <span class='ocrx_word' id='word_1_162' title='bbox 659 1894 752 1947; x_wconf 91' lang='lat' dir='ltr'><strong>est</strong></span> <span class='ocrx_word' id='word_1_163' title='bbox 788 1886 1018 1965; x_wconf 90' lang='lat' dir='ltr'><strong>spiculo</strong></span> <span class='ocrx_word' id='word_1_164' title='bbox 1057 1889 1341 1967; x_wconf 81' lang='lat' dir='ltr'><strong>trygoniS,</strong></span> <span class='ocrx_word' id='word_1_165' title='bbox 1389 1905 1539 1966; x_wconf 90' lang='lat' dir='ltr'><strong>quae</strong></span> <span class='ocrx_word' id='word_1_166' title='bbox 1578 1889 1878 1966; x_wconf 87' lang='lat' dir='ltr'><strong>pastinaca</strong></span> <span class='ocrx_word' id='word_1_167' title='bbox 1915 1887 2152 1966; x_wconf 88' lang='lat' dir='ltr'><strong>dicitur,</strong></span> <span class='ocrx_word' id='word_1_168' title='bbox 2199 1896 2359 1947; x_wconf 89' lang='lat' dir='ltr'><strong>stru-</strong></span> 
     </span>
    </p>

    <p class='ocr_par' dir='ltr' id='par_1_10' title="bbox 210 1975 2440 2230">
     <span class='ocr_line' id='line_1_20' title="bbox 210 1975 2358 2055; baseline -0.001 -19"><span class='ocrx_word' id='word_1_169' title='bbox 210 1986 280 2036; x_wconf 79' lang='lat'><strong>62</strong></span> <span class='ocrx_word' id='word_1_170' title='bbox 321 1992 475 2035; x_wconf 90' lang='lat' dir='ltr'><strong>mam</strong></span> <span class='ocrx_word' id='word_1_171' title='bbox 533 1976 771 2053; x_wconf 87' lang='lat' dir='ltr'><strong>saepius</strong></span> <span class='ocrx_word' id='word_1_172' title='bbox 819 1994 1044 2055; x_wconf 85' lang='lat' dir='ltr'><strong>punge,</strong></span> <span class='ocrx_word' id='word_1_173' title='bbox 1097 1977 1298 2036; x_wconf 91' lang='lat' dir='ltr'><strong>statim</strong></span> <span class='ocrx_word' id='word_1_174' title='bbox 1355 1978 1588 2036; x_wconf 88' lang='lat' dir='ltr'><strong>arescit.</strong></span> <span class='ocrx_word' id='word_1_175' title='bbox 1675 1975 1762 2035; x_wconf 88' lang='lat' dir='ltr'><strong>Ad</strong></span> <span class='ocrx_word' id='word_1_176' title='bbox 1811 1987 2098 2037; x_wconf 89' lang='lat' dir='ltr'><strong>strumam</strong></span> <span class='ocrx_word' id='word_1_177' title='bbox 2146 1975 2358 2035; x_wconf 89' lang='lat' dir='ltr'><strong>sedan-</strong></span> 
     </span>
     <span class='ocr_line' id='line_1_21' title="bbox 319 2062 2440 2125; baseline -0.001 -3"><span class='ocrx_word' id='word_1_178' title='bbox 319 2062 454 2122; x_wconf 91' lang='lat' dir='ltr'><strong>dam</strong></span> <span class='ocrx_word' id='word_1_179' title='bbox 504 2062 648 2123; x_wconf 85' lang='lat' dir='ltr'><strong>buxi</strong></span> <span class='ocrx_word' id='word_1_180' title='bbox 693 2072 899 2124; x_wconf 90' lang='lat' dir='ltr'><strong>tenera</strong></span> <span class='ocrx_word' id='word_1_181' title='bbox 950 2072 1010 2123; x_wconf 91' lang='lat' dir='ltr'><strong>et</strong></span> <span class='ocrx_word' id='word_1_182' title='bbox 1066 2065 1323 2124; x_wconf 90' lang='lat' dir='ltr'><strong>cicutam</strong></span> <span class='ocrx_word' id='word_1_183' title='bbox 1369 2071 1531 2124; x_wconf 90' lang='lat' dir='ltr'><strong>teres</strong></span> <span class='ocrx_word' id='word_1_184' title='bbox 1575 2063 1669 2124; x_wconf 84' lang='lat' dir='ltr'><strong>vel</strong></span> <span class='ocrx_word' id='word_1_185' title='bbox 1714 2063 2047 2125; x_wconf 91' lang='lat' dir='ltr'><strong>contundes</strong></span> <span class='ocrx_word' id='word_1_186' title='bbox 2101 2072 2162 2123; x_wconf 93' lang='lat' dir='ltr'><strong>et</strong></span> <span class='ocrx_word' id='word_1_187' title='bbox 2215 2081 2356 2124; x_wconf 88' lang='lat' dir='ltr'><strong>cum</strong></span> <span class='ocrx_word' id='word_1_188' title='bbox 2386 2081 2440 2120; x_wconf 61' lang='grc' dir='ltr'><strong>πο</strong></span> 
     </span>
     <span class='ocr_line' id='line_1_22' title="bbox 323 2150 2358 2230; baseline 0 -20"><span class='ocrx_word' id='word_1_189' title='bbox 323 2153 577 2228; x_wconf 86' lang='lat' dir='ltr'><strong>axungia</strong></span> <span class='ocrx_word' id='word_1_190' title='bbox 606 2150 849 2230; x_wconf 85' lang='lat' dir='ltr'><strong>subiges</strong></span> <span class='ocrx_word' id='word_1_191' title='bbox 877 2162 937 2212; x_wconf 87' lang='lat' dir='ltr'><strong>et</strong></span> <span class='ocrx_word' id='word_1_192' title='bbox 965 2153 1027 2211; x_wconf 91' lang='lat' dir='ltr'><strong>in</strong></span> <span class='ocrx_word' id='word_1_193' title='bbox 1057 2170 1251 2230; x_wconf 91' lang='lat' dir='ltr'><strong>panno</strong></span> <span class='ocrx_word' id='word_1_194' title='bbox 1295 2154 1464 2213; x_wconf 88' lang='lat' dir='ltr'><strong>tenui</strong></span> <span class='ocrx_word' id='word_1_195' title='bbox 1500 2153 1812 2213; x_wconf 90' lang='lat' dir='ltr'><strong>inductum</strong></span> <span class='ocrx_word' id='word_1_196' title='bbox 1851 2152 2216 2213; x_wconf 88' lang='lat' dir='ltr'><strong>medicamen</strong></span> <span class='ocrx_word' id='word_1_197' title='bbox 2254 2152 2358 2211; x_wconf 93' lang='lat' dir='ltr'><strong>ad-</strong></span> 
     </span>
    </p>

    <p class='ocr_par' dir='ltr' id='par_1_11' title="bbox 211 2237 2435 2938">
     <span class='ocr_line' id='line_1_23' title="bbox 211 2237 2355 2320; baseline 0 -20"><span class='ocrx_word' id='word_1_198' title='bbox 211 2252 283 2300; x_wconf 81' lang='lat'><strong>63</strong></span> <span class='ocrx_word' id='word_1_199' title='bbox 320 2256 525 2317; x_wconf 78' lang='lat' dir='ltr'><strong>pones,</strong></span> <span class='ocrx_word' id='word_1_200' title='bbox 598 2237 870 2317; x_wconf 81' lang='lat' dir='ltr'><strong>virgulas</strong></span> <span class='ocrx_word' id='word_1_201' title='bbox 917 2249 1153 2300; x_wconf 87' lang='lat' dir='ltr'><strong>teneras</strong></span> <span class='ocrx_word' id='word_1_202' title='bbox 1200 2239 1361 2320; x_wconf 82' lang='lat' dir='ltr'><strong>buxi,</strong></span> <span class='ocrx_word' id='word_1_203' title='bbox 1408 2240 1775 2320; x_wconf 89' lang='lat' dir='ltr'><strong>manipulum</strong></span> <span class='ocrx_word' id='word_1_204' title='bbox 1814 2248 2086 2302; x_wconf 90' lang='lat' dir='ltr'><strong>tenerum</strong></span> <span class='ocrx_word' id='word_1_205' title='bbox 2124 2242 2355 2300; x_wconf 89' lang='lat' dir='ltr'><strong>urticae</strong></span> 
     </span>
     <span class='ocr_line' id='line_1_24' title="bbox 322 2327 2357 2409; baseline 0.002 -23"><span class='ocrx_word' id='word_1_206' title='bbox 322 2328 669 2406; x_wconf 90' lang='lat' dir='ltr'><strong>unipecciae</strong></span> <span class='ocrx_word' id='word_1_207' title='bbox 715 2330 778 2389; x_wconf 92' lang='lat' dir='ltr'><strong>in</strong></span> <span class='ocrx_word' id='word_1_208' title='bbox 816 2327 991 2388; x_wconf 90' lang='lat' dir='ltr'><strong>ollam</strong></span> <span class='ocrx_word' id='word_1_209' title='bbox 1028 2329 1237 2389; x_wconf 92' lang='lat' dir='ltr'><strong>rudem</strong></span> <span class='ocrx_word' id='word_1_210' title='bbox 1276 2328 1648 2390; x_wconf 86' lang='lat' dir='ltr'><strong>bisextialem</strong></span> <span class='ocrx_word' id='word_1_211' title='bbox 1687 2348 1822 2391; x_wconf 90' lang='lat' dir='ltr'><strong>cum</strong></span> <span class='ocrx_word' id='word_1_212' title='bbox 1861 2347 2011 2409; x_wconf 91' lang='lat' dir='ltr'><strong>aqua</strong></span> <span class='ocrx_word' id='word_1_213' title='bbox 2050 2331 2255 2389; x_wconf 85' lang='lat' dir='ltr'><strong>mittes</strong></span> <span class='ocrx_word' id='word_1_214' title='bbox 2292 2337 2357 2390; x_wconf 90' lang='lat' dir='ltr'><strong>et</strong></span> 
     </span>
     <span class='ocr_line' id='line_1_25' title="bbox 320 2416 2354 2498; baseline 0.001 -23"><span class='ocrx_word' id='word_1_215' title='bbox 320 2416 391 2476; x_wconf 94' lang='lat' dir='ltr'><strong>ad</strong></span> <span class='ocrx_word' id='word_1_216' title='bbox 440 2416 666 2476; x_wconf 91' lang='lat' dir='ltr'><strong>medias</strong></span> <span class='ocrx_word' id='word_1_217' title='bbox 713 2417 1038 2497; x_wconf 85' lang='lat' dir='ltr'><strong>decoques;</strong></span> <span class='ocrx_word' id='word_1_218' title='bbox 1085 2425 1292 2495; x_wconf 91' lang='lat' dir='ltr'><strong>postea</strong></span> <span class='ocrx_word' id='word_1_219' title='bbox 1338 2418 1412 2478; x_wconf 95' lang='lat' dir='ltr'><strong>de</strong></span> <span class='ocrx_word' id='word_1_220' title='bbox 1459 2437 1608 2498; x_wconf 89' lang='lat' dir='ltr'><strong>aqua</strong></span> <span class='ocrx_word' id='word_1_221' title='bbox 1656 2420 1786 2497; x_wconf 88' lang='lat' dir='ltr'><strong>ipsa</strong></span> <span class='ocrx_word' id='word_1_222' title='bbox 1823 2418 2146 2479; x_wconf 90' lang='lat' dir='ltr'><strong>dormitum</strong></span> <span class='ocrx_word' id='word_1_223' title='bbox 2183 2420 2354 2478; x_wconf 88' lang='lat' dir='ltr'><strong>eunti</strong></span> 
     </span>
     <span class='ocr_line' id='line_1_26' title="bbox 320 2505 2435 2587; baseline -0.001 -22"><span class='ocrx_word' id='word_1_224' title='bbox 320 2511 619 2565; x_wconf 88' lang='lat' dir='ltr'><strong>strumoso</strong></span> <span class='ocrx_word' id='word_1_225' title='bbox 668 2505 921 2566; x_wconf 90' lang='lat' dir='ltr'><strong>calidum</strong></span> <span class='ocrx_word' id='word_1_226' title='bbox 981 2514 1267 2584; x_wconf 87' lang='lat' dir='ltr'><strong>quantum</strong></span> <span class='ocrx_word' id='word_1_227' title='bbox 1324 2508 1449 2585; x_wconf 90' lang='lat' dir='ltr'><strong>pati</strong></span> <span class='ocrx_word' id='word_1_228' title='bbox 1503 2510 1693 2586; x_wconf 90' lang='lat' dir='ltr'><strong>possit</strong></span> <span class='ocrx_word' id='word_1_229' title='bbox 1747 2506 2108 2568; x_wconf 90' lang='lat' dir='ltr'><strong>sorbendum</strong></span> <span class='ocrx_word' id='word_1_230' title='bbox 2163 2505 2352 2587; x_wconf 84' lang='lat' dir='ltr'><strong>dabis,</strong></span> <span class='ocrx_word' id='word_1_231' title='bbox 2379 2523 2435 2563; x_wconf 78' lang='lat'><strong>25</strong></span> 
     </span>
     <span class='ocr_line' id='line_1_27' title="bbox 319 2594 2352 2674; baseline 0.001 -21"><span class='ocrx_word' id='word_1_232' title='bbox 319 2611 441 2653; x_wconf 91' lang='lat' dir='ltr'><strong>non</strong></span> <span class='ocrx_word' id='word_1_233' title='bbox 488 2594 1040 2674; x_wconf 88' lang='lat' dir='ltr'><strong>transmittendum,</strong></span> <span class='ocrx_word' id='word_1_234' title='bbox 1095 2595 1202 2655; x_wconf 89' lang='lat' dir='ltr'><strong>sed</strong></span> <span class='ocrx_word' id='word_1_235' title='bbox 1259 2595 1331 2655; x_wconf 91' lang='lat' dir='ltr'><strong>ad</strong></span> <span class='ocrx_word' id='word_1_236' title='bbox 1393 2613 1528 2656; x_wconf 90' lang='lat' dir='ltr'><strong>eum</strong></span> <span class='ocrx_word' id='word_1_237' title='bbox 1584 2596 1780 2657; x_wconf 90' lang='lat' dir='ltr'><strong>locum</strong></span> <span class='ocrx_word' id='word_1_238' title='bbox 1839 2598 1942 2674; x_wconf 89' lang='lat' dir='ltr'><strong>qui</strong></span> <span class='ocrx_word' id='word_1_239' title='bbox 1988 2595 2148 2656; x_wconf 91' lang='lat' dir='ltr'><strong>dolet</strong></span> <span class='ocrx_word' id='word_1_240' title='bbox 2191 2598 2352 2655; x_wconf 89' lang='lat' dir='ltr'><strong>intra</strong></span> 
     </span>
     <span class='ocr_line' id='line_1_28' title="bbox 316 2682 2351 2763; baseline 0.001 -22"><span class='ocrx_word' id='word_1_241' title='bbox 316 2699 387 2741; x_wconf 96' lang='lat' dir='ltr'><strong>os</strong></span> <span class='ocrx_word' id='word_1_242' title='bbox 434 2682 784 2763; x_wconf 84' lang='lat' dir='ltr'><strong>tenendum3</strong></span> <span class='ocrx_word' id='word_1_243' title='bbox 834 2693 1057 2762; x_wconf 90' lang='lat' dir='ltr'><strong>quanto</strong></span> <span class='ocrx_word' id='word_1_244' title='bbox 1102 2691 1301 2744; x_wconf 92' lang='lat' dir='ltr'><strong>autem</strong></span> <span class='ocrx_word' id='word_1_245' title='bbox 1349 2684 1576 2745; x_wconf 87' lang='lat' dir='ltr'><strong>diutius</strong></span> <span class='ocrx_word' id='word_1_246' title='bbox 1622 2693 1723 2745; x_wconf 93' lang='lat' dir='ltr'><strong>aut</strong></span> <span class='ocrx_word' id='word_1_247' title='bbox 1769 2684 2017 2745; x_wconf 88' lang='lat' dir='ltr'><strong>calidius</strong></span> <span class='ocrx_word' id='word_1_248' title='bbox 2067 2686 2351 2763; x_wconf 87' lang='lat' dir='ltr'><strong>tenuerit,</strong></span> 
     </span>
     <span class='ocr_line' id='line_1_29' title="bbox 319 2771 2350 2854; baseline 0.001 -24"><span class='ocrx_word' id='word_1_249' title='bbox 319 2777 481 2831; x_wconf 88' lang='lat' dir='ltr'><strong>tanto</strong></span> <span class='ocrx_word' id='word_1_250' title='bbox 521 2773 699 2831; x_wconf 90' lang='lat' dir='ltr'><strong>citius</strong></span> <span class='ocrx_word' id='word_1_251' title='bbox 737 2771 1062 2833; x_wconf 89' lang='lat' dir='ltr'><strong>sanabitur.</strong></span> <span class='ocrx_word' id='word_1_252' title='bbox 1135 2771 1372 2833; x_wconf 82' lang='lat' dir='ltr'><strong>Sufficit</strong></span> <span class='ocrx_word' id='word_1_253' title='bbox 1409 2783 1625 2854; x_wconf 90' lang='lat' dir='ltr'><strong>autem,</strong></span> <span class='ocrx_word' id='word_1_254' title='bbox 1662 2781 1731 2833; x_wconf 93' lang='lat' dir='ltr'><strong>ut</strong></span> <span class='ocrx_word' id='word_1_255' title='bbox 1757 2783 1960 2834; x_wconf 89' lang='lat' dir='ltr'><strong>ternas</strong></span> <span class='ocrx_word' id='word_1_256' title='bbox 1989 2772 2350 2835; x_wconf 88' lang='lat' dir='ltr'><strong>sorbitiones</strong></span> 
     </span>
     <span class='ocr_line' id='line_1_30' title="bbox 314 2859 1469 2938; baseline 0.002 -19"><span class='ocrx_word' id='word_1_257' title='bbox 314 2860 566 2938; x_wconf 87' lang='lat' dir='ltr'><strong>singulis</strong></span> <span class='ocrx_word' id='word_1_258' title='bbox 612 2859 890 2921; x_wconf 88' lang='lat' dir='ltr'><strong>noctibus</strong></span> <span class='ocrx_word' id='word_1_259' title='bbox 936 2862 1094 2921; x_wconf 90' lang='lat' dir='ltr'><strong>intra</strong></span> <span class='ocrx_word' id='word_1_260' title='bbox 1140 2879 1207 2921; x_wconf 93' lang='lat' dir='ltr'><strong>os</strong></span> <span class='ocrx_word' id='word_1_261' title='bbox 1254 2868 1469 2922; x_wconf 87' lang='lat' dir='ltr'><strong>teneat.</strong></span> 
     </span>
    </p>

    <p class='ocr_par' dir='ltr' id='par_1_12' title="bbox 200 2942 2429 3295">
     <span class='ocr_line' id='line_1_31' title="bbox 200 2942 2429 3035; baseline -0.001 -26"><span class='ocrx_word' id='word_1_262' title='bbox 200 2959 273 3009; x_wconf 79' lang='lat'><strong>64</strong></span> <span class='ocrx_word' id='word_1_263' title='bbox 488 2947 855 3009; x_wconf 87' lang='lat' dir='ltr'><strong>Medicamen</strong></span> <span class='ocrx_word' id='word_1_264' title='bbox 911 2949 980 3009; x_wconf 95' lang='lat' dir='ltr'><strong>ad</strong></span> <span class='ocrx_word' id='word_1_265' title='bbox 1041 2950 1241 3010; x_wconf 84' lang='lat' dir='ltr'><strong>fauces</strong></span> <span class='ocrx_word' id='word_1_266' title='bbox 1298 2950 1592 3010; x_wconf 89' lang='lat' dir='ltr'><strong>curandas</strong></span> <span class='ocrx_word' id='word_1_267' title='bbox 1648 2951 1763 3011; x_wconf 87' lang='lat' dir='ltr'><strong>sic:</strong></span> <span class='ocrx_word' id='word_1_268' title='bbox 1845 2948 2034 3011; x_wconf 90' lang='lat' dir='ltr'><strong>Rutae</strong></span> <span class='ocrx_word' id='word_1_269' title='bbox 2093 2942 2174 3035; x_wconf 64' lang='grc'><strong>,9-</strong></span> <span class='ocrx_word' id='word_1_270' title='bbox 2221 2949 2344 3031; x_wconf 88' lang='lat' dir='ltr'><strong>VII,</strong></span> <span class='ocrx_word' id='word_1_271' title='bbox 2371 2966 2429 3006; x_wconf 78' lang='lat' dir='ltr'><strong>so</strong></span> 
     </span>
     <span class='ocr_line' id='line_1_32' title="bbox 309 3038 2341 3119; baseline 0.002 -24"><span class='ocrx_word' id='word_1_272' title='bbox 309 3044 542 3096; x_wconf 89' lang='lat' dir='ltr'><strong>mentae</strong></span> <span class='ocrx_word' id='word_1_273' title='bbox 602 3040 997 3119; x_wconf 88' lang='lat' dir='ltr'><strong>semunciam,</strong></span> <span class='ocrx_word' id='word_1_274' title='bbox 1062 3038 1187 3099; x_wconf 84' lang='lat' dir='ltr'><strong>folii</strong></span> <span class='ocrx_word' id='word_1_275' title='bbox 1252 3040 1645 3118; x_wconf 82' lang='lat' dir='ltr'><strong>semunciam,</strong></span> <span class='ocrx_word' id='word_1_276' title='bbox 1708 3038 1911 3099; x_wconf 91' lang='lat' dir='ltr'><strong>anethi</strong></span> <span class='ocrx_word' id='word_1_277' title='bbox 1972 3038 2341 3119; x_wconf 90' lang='lat' dir='ltr'><strong>tantundem,</strong></span> 
     </span>
     <span class='ocr_line' id='line_1_33' title="bbox 307 3124 2347 3209; baseline 0.002 -26"><span class='ocrx_word' id='word_1_278' title='bbox 307 3126 427 3203; x_wconf 90' lang='lat' dir='ltr'><strong>apii</strong></span> <span class='ocrx_word' id='word_1_279' title='bbox 471 3125 659 3205; x_wconf 88' lang='lat' dir='ltr'><strong>idem,</strong></span> <span class='ocrx_word' id='word_1_280' title='bbox 693 3124 954 3187; x_wconf 79' lang='lat' dir='ltr'><strong>&#39;coliculi</strong></span> <span class='ocrx_word' id='word_1_281' title='bbox 1000 3129 1246 3188; x_wconf 91' lang='lat' dir='ltr'><strong>seminis</strong></span> <span class='ocrx_word' id='word_1_282' title='bbox 1304 3128 1488 3209; x_wconf 84' lang='lat' dir='ltr'><strong>idem,</strong></span> <span class='ocrx_word' id='word_1_283' title='bbox 1544 3126 1892 3188; x_wconf 82' lang='lat' dir='ltr'><strong>‘cucurbitae</strong></span> <span class='ocrx_word' id='word_1_284' title='bbox 1949 3134 2011 3188; x_wconf 93' lang='lat' dir='ltr'><strong>et</strong></span> <span class='ocrx_word' id='word_1_285' title='bbox 2054 3127 2347 3188; x_wconf 89' lang='lat' dir='ltr'><strong>marrubii</strong></span> 
     </span>
     <span class='ocr_line' id='line_1_34' title="bbox 306 3213 2342 3295; baseline 0.001 -22"><span class='ocrx_word' id='word_1_286' title='bbox 306 3213 493 3295; x_wconf 83' lang='lat' dir='ltr'><strong>idem3</strong></span> <span class='ocrx_word' id='word_1_287' title='bbox 539 3221 702 3275; x_wconf 87' lang='lat' dir='ltr'><strong>teres</strong></span> <span class='ocrx_word' id='word_1_288' title='bbox 749 3215 1066 3294; x_wconf 85' lang='lat' dir='ltr'><strong>diligenter</strong></span> <span class='ocrx_word' id='word_1_289' title='bbox 1111 3216 1257 3276; x_wconf 88' lang='lat' dir='ltr'><strong>haec</strong></span> <span class='ocrx_word' id='word_1_290' title='bbox 1307 3219 1504 3276; x_wconf 89' lang='lat' dir='ltr'><strong>omnia</strong></span> <span class='ocrx_word' id='word_1_291' title='bbox 1550 3234 1616 3276; x_wconf 88' lang='lat' dir='ltr'><strong>ac</strong></span> <span class='ocrx_word' id='word_1_292' title='bbox 1664 3215 2056 3295; x_wconf 90' lang='lat' dir='ltr'><strong>permiscebis</strong></span> <span class='ocrx_word' id='word_1_293' title='bbox 2105 3224 2166 3276; x_wconf 91' lang='lat' dir='ltr'><strong>et</strong></span> <span class='ocrx_word' id='word_1_294' title='bbox 2203 3235 2342 3277; x_wconf 87' lang='lat' dir='ltr'><strong>cum</strong></span> 
     </span>
    </p>

    <p class='ocr_par' dir='ltr' id='par_1_13' title="bbox 195 3304 2339 3385">
     <span class='ocr_line' id='line_1_35' title="bbox 195 3304 2339 3385; baseline 0.002 -23"><span class='ocrx_word' id='word_1_295' title='bbox 195 3313 270 3363; x_wconf 81' lang='lat'><strong>65</strong></span> <span class='ocrx_word' id='word_1_296' title='bbox 309 3320 460 3382; x_wconf 90' lang='lat' dir='ltr'><strong>opus</strong></span> <span class='ocrx_word' id='word_1_297' title='bbox 507 3304 716 3385; x_wconf 85' lang='lat' dir='ltr'><strong>fuerit,</strong></span> <span class='ocrx_word' id='word_1_298' title='bbox 763 3305 963 3366; x_wconf 84' lang='lat' dir='ltr'><strong>fauces</strong></span> <span class='ocrx_word' id='word_1_299' title='bbox 1010 3305 1149 3365; x_wconf 89' lang='lat' dir='ltr'><strong>inde</strong></span> <span class='ocrx_word' id='word_1_300' title='bbox 1196 3313 1421 3383; x_wconf 74' lang='lat' dir='ltr'><strong>tanges,</strong></span> <span class='ocrx_word' id='word_1_301' title='bbox 1512 3304 1660 3365; x_wconf 90' lang='lat' dir='ltr'><strong>Item</strong></span> <span class='ocrx_word' id='word_1_302' title='bbox 1706 3304 2012 3384; x_wconf 90' lang='lat' dir='ltr'><strong>pulverem</strong></span> <span class='ocrx_word' id='word_1_303' title='bbox 2059 3305 2132 3365; x_wconf 88' lang='lat' dir='ltr'><strong>ad</strong></span> <span class='ocrx_word' id='word_1_304' title='bbox 2179 3305 2339 3366; x_wconf 89' lang='lat' dir='ltr'><strong>idem</strong></span> 
     </span>
    </p>
   </div>
   <div class='ocr_carea' id='block_1_3' title="bbox 296 3438 2338 3639">
    <p class='ocr_par' dir='ltr' id='par_1_14' title="bbox 296 3438 2338 3639">
     <span class='ocr_line' id='line_1_36' title="bbox 446 3438 2338 3510; baseline 0.001 -17"><span class='ocrx_word' id='word_1_305' title='bbox 446 3444 479 3493; x_wconf 81' lang='lat'>5</span> <span class='ocrx_word' id='word_1_306' title='bbox 517 3439 808 3494; x_wconf 86' lang='lat' dir='ltr'><strong>lumbrico.</strong></span> <span class='ocrx_word' id='word_1_307' title='bbox 966 3446 996 3495; x_wconf 90' lang='lat'>8</span> <span class='ocrx_word' id='word_1_308' title='bbox 1036 3438 1257 3510; x_wconf 83' lang='lat' dir='ltr'><strong>axugia..</strong></span> <span class='ocrx_word' id='word_1_309' title='bbox 1424 3446 1491 3495; x_wconf 87' lang='lat'><strong>16</strong></span> <span class='ocrx_word' id='word_1_310' title='bbox 1527 3441 1692 3495; x_wconf 82' lang='lat' dir='ltr'><strong>verba</strong></span> <span class='ocrx_word' id='word_1_311' title='bbox 1727 3439 2076 3509; x_wconf 83' lang='lat' dir='ltr'><strong>Ungularum</strong></span> <span class='ocrx_word' id='word_1_312' title='bbox 2116 3471 2185 3480; x_wconf 91' lang='lat'><strong>-—</strong></span> <span class='ocrx_word' id='word_1_313' title='bbox 2223 3457 2338 3495; x_wconf 90' lang='lat' dir='ltr'><strong>me-</strong></span> 
     </span>
     <span class='ocr_line' id='line_1_37' title="bbox 300 3508 2337 3581; baseline 0.001 -19"><span class='ocrx_word' id='word_1_314' title='bbox 300 3508 470 3564; x_wconf 75' lang='lat' dir='ltr'><strong>detur</strong></span> <span class='ocrx_word' id='word_1_315' title='bbox 504 3527 607 3566; x_wconf 87' lang='lat' dir='ltr'><strong>om.</strong></span> <span class='ocrx_word' id='word_1_316' title='bbox 753 3516 821 3566; x_wconf 87' lang='lat'><strong>18</strong></span> <span class='ocrx_word' id='word_1_317' title='bbox 857 3509 1174 3580; x_wconf 74' lang='lat' dir='ltr'><strong>pastinaga.</strong></span> <span class='ocrx_word' id='word_1_318' title='bbox 1305 3516 1376 3566; x_wconf 80' lang='lat'><strong>24</strong></span> <span class='ocrx_word' id='word_1_319' title='bbox 1413 3510 1591 3581; x_wconf 76' lang='lat' dir='ltr'><strong>eunti]</strong></span> <span class='ocrx_word' id='word_1_320' title='bbox 1631 3511 1915 3568; x_wconf 84' lang='lat' dir='ltr'><strong>adversus.</strong></span> <span class='ocrx_word' id='word_1_321' title='bbox 2038 3517 2108 3566; x_wconf 83' lang='lat'><strong>28</strong></span> <span class='ocrx_word' id='word_1_322' title='bbox 2144 3515 2337 3567; x_wconf 82' lang='lat' dir='ltr'><strong>ternos</strong></span> 
     </span>
     <span class='ocr_line' id='line_1_38' title="bbox 296 3579 1928 3639; baseline 0.001 -4"><span class='ocrx_word' id='word_1_323' title='bbox 296 3596 503 3635; x_wconf 74' lang='lat' dir='ltr'><strong>soreos·</strong></span> <span class='ocrx_word' id='word_1_324' title='bbox 651 3586 718 3636; x_wconf 79' lang='lat'><strong>32</strong></span> <span class='ocrx_word' id='word_1_325' title='bbox 759 3579 987 3636; x_wconf 86' lang='lat' dir='ltr'><strong>culiculi</strong></span> <span class='ocrx_word' id='word_1_326' title='bbox 1023 3582 1262 3637; x_wconf 83' lang='lat' dir='ltr'><strong>semenis</strong></span> <span class='ocrx_word' id='word_1_327' title='bbox 1301 3581 1497 3639; x_wconf 86' lang='lat' dir='ltr'><strong>isdem.</strong></span> <span class='ocrx_word' id='word_1_328' title='bbox 1641 3582 1928 3637; x_wconf 83' lang='lat' dir='ltr'><strong>marruvii.</strong></span> 
     </span>
    </p>
   </div>
  </div>
 </body>
</html>
