2575 4092
248 585 280 634 5

253 940 285 989 6

260 2270 289 2318 7

259 2625 291 2675 8

261 2892 293 2939 9

230 2981 295 3029 10

229 3159 293 3207 11

230 3337 296 3386 12

1091 232 1576 297 -128-

318 397 461 457 facit
516 394 728 455 dentes
783 402 844 454 et
903 395 1231 455 confirmat.
1321 394 1649 474 Augustam
1717 401 1951 456 constat
2004 392 2119 453 hoc
2182 410 2352 453 usam

316 483 709 564 Messalinam,
738 482 953 544 deinde
982 482 1232 544 aliorum
1259 482 1581 545 Caesarum
1609 484 1985 545 matrimonia
2012 481 2128 542 hoc
2158 482 2352 542 denti-

320 574 493 634 fricio
539 590 645 633 usa
693 579 851 633 sunt.
926 570 1230 633 Cornuum
1278 574 1657 634 corvinorum
1701 580 1974 634 ustorum
2020 573 2082 631 in
2129 569 2242 631 olla
2289 578 2352 632 et

318 662 390 723 ad
439 664 703 722 cinerem
748 660 1130 721 redactorum
1179 658 1242 722 θ
1280 661 1334 742 Ι,
1387 664 1650 722 masticis
1697 660 1878 722 Chiae
1924 659 1976 719 X
2016 658 2160 739 VIII,
2210 659 2352 720 salis

319 752 671 812 ammoniaci
708 751 1101 830 semunciam3
1148 748 1466 828 diligenter
1510 749 1657 811 haec
1704 751 1843 811 trita
1884 750 1948 809 in
1985 766 2172 809 unum
2209 766 2349 809 con·
2380 764 2409 806 5

322 847 721 918 corporantur
766 846 828 899 et
872 838 1269 918 perfricandis
1318 838 1598 900 dentibus
1646 838 2020 899 adhibentur.

498 927 653 988 Folii
696 961 772 971 —
805 927 850 1008 Ι,
898 929 1052 988 costi
1103 960 1179 970 —
1214 927 1257 1009 Ι,
1304 930 1529 1007 piperis
1577 920 1657 1015 ,9-
1696 926 1843 1008 VIII,
1880 927 2146 987 masticis
2181 928 2354 1005 grani

328 1050 403 1061 —
446 1016 527 1099 ΙΙ,
573 1016 787 1077 hordei
831 1017 1057 1077 farinae
1104 1016 1328 1077 nitidae
1375 1014 1438 1077 ὃ*
1477 1016 1632 1096 VIII,
1689 1015 2032 1095 singulatim
2088 1015 2354 1094 singulas

323 1108 556 1186 species
610 1106 786 1166 tundi
839 1104 934 1165 vel
986 1106 1104 1165 teri
1158 1105 1341 1166 facies
1398 1114 1458 1166 et
1513 1107 1680 1166 cerni
1723 1105 2078 1166 tenuissimo
2125 1103 2354 1184 cribro;

323 1195 574 1255 farinam
629 1212 773 1254 vero
829 1192 1042 1254 hordei
1094 1195 1158 1254 in
1216 1192 1391 1254 ollam
1447 1194 1731 1273 grandem
1790 1212 2000 1254 novam
2046 1195 2245 1253 mittes
2292 1201 2355 1253 et
2384 1210 2440 1249 10

325 1284 549 1344 adicies
596 1281 788 1343 mellis
835 1284 1047 1362 optimi
1092 1290 1382 1361 quantum
1420 1284 1695 1363 sufficiat,
1739 1291 1809 1344 ut
1845 1300 2040 1362 neque
2080 1284 2236 1343 sicca
2274 1282 2355 1342 sit

328 1390 523 1451 neque
570 1378 920 1450 supernatet
964 1371 1179 1451 farina3
1234 1380 1440 1451 postea
1489 1371 1666 1432 simul
1713 1371 2031 1451 speciebus
2077 1370 2355 1431 omnibus

324 1462 385 1521 in
434 1459 608 1520 ollam
657 1462 858 1521 missis
896 1459 1116 1520 adicies
1156 1460 1470 1522 fasciculos
1509 1469 1736 1539 septem
1774 1459 1997 1521 herbae
2035 1458 2356 1539 parietaliS,

325 1551 406 1610 ita
453 1558 521 1610 ut
567 1548 704 1610 folia
751 1548 933 1609 huius
979 1549 1197 1609 herbae
1245 1552 1366 1609 sint
1410 1552 1472 1609 in
1520 1549 1845 1630 fasciculis,
1893 1567 2012 1610 non
2063 1547 2356 1628 virgulae3

327 1638 540 1699 deinde
588 1637 869 1718 operculo
918 1640 1296 1718 superposito
1345 1649 1403 1699 et
1450 1638 1650 1699 clauso
1693 1638 1785 1698 vel
1823 1646 2068 1717 gypsato
2108 1636 2355 1715 diligen·
2385 1650 2442 1692 15

327 1736 422 1787 ter
467 1727 540 1787 de
589 1726 793 1806 argilla
839 1729 1042 1788 mittes
1088 1729 1149 1787 in
1197 1727 1443 1787 furnum
1489 1726 1762 1802 calidum,
1812 1730 1892 1787 ita
1941 1734 2009 1787 ut
2054 1744 2244 1806 usque
2291 1728 2358 1787 in

326 1814 572 1876 alteram
619 1815 775 1877 diem
822 1817 985 1877 furni
1030 1817 1230 1876 servor
1275 1816 1479 1895 duret,
1528 1816 1718 1877 donec
1765 1823 2093 1877 exurantur
2139 1817 2357 1897 omnia,

328 1923 479 1983 quae
535 1913 676 1965 sunt
729 1907 792 1964 in
849 1905 976 1965 olla.
1062 1905 1225 1976 Quae
1273 1923 1413 1966 cum
1459 1914 1667 1966 exusta
1714 1905 1955 1979 fuerint,
2001 1904 2180 1965 simul
2225 1907 2359 1965 uni·

330 2011 500 2054 versa
556 1993 873 2073 diligenter
926 1993 1142 2054 tundes
1200 1993 1292 2053 vel
1348 2001 1506 2054 teres
1562 2002 1623 2054 et
1678 1992 1958 2055 criblabis
2005 2001 2066 2054 et
2110 1993 2356 2073 pulvere

328 2100 398 2142 eo
445 2082 690 2142 cottidie
728 2084 918 2142 uteris
965 2083 1058 2142 ad·
1084 2082 1404 2143 candorem
1452 2083 1718 2144 dentium
1757 2081 2094 2143 faciendum
2131 2091 2192 2143 et
2227 2084 2356 2161 gin·
2384 2095 2441 2135 20

328 2172 490 2248 givas
537 2170 971 2230 confirmandas
1018 2178 1079 2230 et
1123 2180 1423 2231 catarrum
1471 2173 1970 2251 restringendum.

507 2257 920 2320 Dentifricium
977 2259 1049 2319 ad
1107 2258 1316 2319 dentes
1371 2261 1575 2338 nigros
1632 2259 2059 2321 emendandos:
2133 2257 2359 2319 Hordei

328 2347 577 2408 farinam
615 2347 925 2408 delicatam
964 2356 1024 2408 et
1062 2347 1149 2408 sal
1175 2351 1384 2409 tritum
1414 2367 1552 2410 cum
1583 2350 1752 2410 melle
1782 2349 2125 2429 confricato,
2163 2349 2356 2409 donec

330 2435 446 2496 sibi
491 2435 881 2516 cohaereant,
933 2445 995 2497 et
1039 2445 1245 2516 postea
1291 2446 1520 2515 pastam
1567 2440 1755 2517 ipsam
1802 2438 1985 2498 linteo
2033 2437 2359 2498 involutam

320 2525 635 2586 conburito
684 2544 752 2585 ac
798 2525 1107 2605 pulverem
1144 2528 1567 2587 tenuissimum
1607 2527 1784 2588 facito
1823 2535 2001 2607 atque
2040 2545 2108 2587 eo
2147 2525 2360 2588 dentes
2388 2540 2448 2581 25
2550 2541 2551 2566 ¹

330 2632 502 2674 mane
540 2632 607 2674 ac
636 2632 883 2694 vespere
913 2615 1258 2694 confricato,
1295 2617 1413 2676 cito
1452 2615 1904 2676 candidissimos
1932 2616 2134 2678 facies,
2178 2614 2361 2694 Lapis

331 2700 541 2763 Parius
586 2704 769 2764 tritus
815 2704 888 2764 ad
936 2722 1226 2764 summam
1272 2704 1568 2765 levitatem
1618 2712 1678 2765 et
1723 2723 1833 2784 pro
1872 2704 2210 2765 dentifricio
2257 2704 2359 2764 ad·

327 2791 551 2852 hibitus
598 2793 754 2852 intra
805 2792 963 2853 diem
1009 2793 1306 2853 decimum
1355 2792 1678 2872 quamlibet
1722 2795 1926 2872 nigros
1964 2792 2056 2854 vel
2101 2791 2356 2873 pallidos

334 2881 542 2941 dentes
596 2881 889 2961 purgabit.
971 2880 1142 2942 Nitro
1199 2890 1369 2942 cocto
1425 2891 1602 2962 atque
1660 2884 1917 2944 contrito
1962 2881 2125 2943 velut
2170 2883 2361 2943 denti·

334 2970 505 3029 fricio
553 2978 722 3030 utere
769 2970 842 3030 ad
891 2970 1100 3031 dentes
1144 2970 1504 3049 purgandos,
1595 2970 1773 3032 Porci
1819 2970 2175 3050 ungularum
2222 2989 2360 3031 ossa
2389 2987 2450 3027 so

334 3057 624 3118 conbusta
663 3061 920 3138 tritaque
960 3068 1020 3120 et
1057 3058 1305 3120 criblata
1343 3060 1572 3120 adiecto
1611 3060 1795 3120 nardo
1826 3067 1885 3120 et
1916 3060 2055 3120 folio
2083 3060 2362 3121 frictione

337 3147 636 3226 frequenti
673 3148 883 3208 dentes
912 3147 1363 3210 candidissimos
1391 3156 1710 3227 praestant.
1765 3148 1924 3209 Lana
1953 3148 2159 3210 sucida
2186 3148 2362 3210 melle

332 3235 500 3296 inlita
547 3236 756 3297 dentes
794 3237 1066 3317 perfricti
1101 3239 1255 3297 miro
1292 3237 1468 3298 modo
1506 3237 1824 3298 candorem
1863 3239 2180 3299 maximum
2220 3257 2363 3299 con·

334 3333 639 3386 secuntur.
741 3325 1154 3386 Dentifricium
1220 3327 1511 3405 optimum
1583 3346 1650 3388 ac
1717 3326 2174 3387 saluberrimum
2242 3330 2363 3389 sic:

479 3536 506 3583 1
545 3547 664 3587 usa.
813 3537 844 3586 3
883 3548 1127 3587 cornum.
1276 3537 1344 3586 10
1381 3531 1555 3589 ordei.
1701 3537 1768 3586 19
1807 3532 2089 3588 criblauis.
2236 3534 2365 3604 pul-

332 3618 519 3657 verem
558 3619 641 3657 eo,
805 3607 871 3657 32
910 3601 1354 3658 candidissimus.
