2575 4092
1124 211 1563 276 „52-

335 374 607 454 glabrum
652 375 848 436 locum
894 374 1200 455 perfricet,
1247 376 1326 435 ita
1374 383 1443 435 ut
1486 376 1656 453 prius
1697 374 1800 435 diu
1841 374 2022 435 linteo
2061 377 2365 455 asperiore

228 477 297 526 31
337 465 660 542 detergeat.
732 463 1083 542 Aphronitri
1128 463 1295 525 floris
1340 462 1555 542 pilulas
1603 462 1794 546 XXX,
1849 482 2067 525 nucem
2112 466 2366 546 pineam,

335 552 409 613 de
448 571 564 632 qua
602 560 849 632 propter
890 559 1240 614 vetustatem
1279 552 1478 614 nuclei
1515 552 1863 632 deciderint,
1901 563 2155 634 tunsam,
2198 571 2366 632 sapo-

335 643 431 702 nis
478 640 686 702 Gallici
732 640 1037 722 selibram,
1095 644 1216 702 vini
1259 641 1494 702 Aminei
1549 639 1792 721 cyathos
1837 649 1962 702 tres
2010 641 2185 702 simul
2232 660 2367 722 per-

333 729 617 791 miscebis
666 736 724 791 et
773 739 1049 792 conteres
1095 738 1156 791 et
1202 737 1382 809 caput
1428 728 1698 809 glabrum
1740 728 1982 791 inlines:
2027 729 2142 792 hoc
2178 730 2364 791 medi·
2394 748 2421 789 5

228 831 299 880 32
337 819 566 879 camine
633 821 808 880 etiam
874 822 1059 899 crispi
1125 818 1324 899 capilli
1377 827 1715 881 nascentur.
1808 817 1992 880 Malva
2058 838 2192 880 cum
2259 838 2368 881 sua

336 907 537 969 radice
583 907 967 969 vehementer
1022 910 1330 989 coquitur,
1385 926 1456 968 ex
1511 909 1683 968 cuius
1737 925 1889 987 aqua
1937 907 2210 988 capilluS,
2266 910 2370 969 cui

230 1008 298 1057 33
338 998 646 1057 curatione
694 1015 846 1076 opus
892 1006 1001 1078 est,
1048 999 1110 1058 in
1158 996 1370 1058 balneo
1417 995 1663 1057 adsidue
1700 994 1945 1058 lavatur.
2020 996 2152 1057 Olei
2188 999 2369 1059 cicini

342 1117 416 1127 -—
461 1083 569 1166 111,
634 1084 830 1146 ladani
879 1119 960 1129 —-
1008 1085 1115 1167 111,
1182 1085 1391 1146 ladano
1455 1088 1600 1146 trito
1663 1084 1947 1166 paulatim
2011 1085 2369 1147 admiscebis

336 1171 532 1234 oleum
579 1181 640 1235 et
687 1192 824 1235 cum
870 1173 1063 1235 mellis
1115 1173 1574 1236 crassitudinem
1622 1172 1865 1255 feceris„
1912 1174 2142 1235 radices
2189 1174 2370 1254 capil-
2400 1193 2451 1232 10

334 1260 530 1323 lorum
577 1262 822 1324 adsidue
868 1263 1102 1327 inlines,

1190 1456 1353 1518 CAP.
1399 1455 1521 1518 vn.

338 1567 596 1638 oapmo
649 1569 979 1638 nigrando
1012 1568 1104 1625 'et
1156 1570 1612 1639 incrispando.
1704 1569 1826 1625 His
1885 1569 2150 1625 adiecta
2204 1577 2374 1627 sunt

407 1671 584 1728 quae
628 1658 950 1728 phlegma
994 1662 1066 1715 et
1108 1658 1587 1729 perfrictiones
1632 1658 1869 1728 capitis
1916 1659 2287 1716 deducunt.

271 1807 296 1855 1
519 1792 848 1875 Crispando
924 1795 1136 1875 capillo
1206 1796 1679 1874 conpositionem
1742 1793 2087 1855 huiusmodi
2151 1794 2373 1857 facies:

337 1881 688 1962 Aphronitri
733 1883 899 1944 floris
935 1883 1188 1946 tortulas
1226 1901 1477 1944 numero
1516 1881 1694 1964 XXX,
1741 1901 1957 1944 nucem
1994 1886 2248 1964 pineam,
2296 1884 2371 1946 de

340 1989 455 2051 qua
503 1979 749 2051 propter
795 1979 1149 2033 vetustatem
1197 1972 1396 2033 nuclei
1442 1970 1665 2051 delapsi
1713 1973 1862 2054 sint,
1918 1979 2152 2033 tunsam
2202 1981 2261 2034 et
2308 1975 2371 2034 in

339 2059 645 2139 pulverem
697 2060 1014 2141 redactam,
1071 2063 1312 2139 saponis
1359 2059 1563 2121 Gallici
1612 2093 1697 2103 —
1735 2060 1816 2120 111
1863 2068 1924 2121 et
1970 2061 2201 2121 Aminei
2247 2064 2368 2122 vini
2402 2076 2454 2118 ιε

339 2146 584 2227 cyathos
629 2146 726 2228 111,
774 2156 952 2229 atque
998 2149 1138 2210 inde
1187 2157 1367 2229 caput
1411 2148 1626 2210 inlines
1673 2156 1734 2210 et
1779 2151 1840 2210 in
1880 2147 2090 2210 balneo
2129 2149 2364 2211 lavabis.

342 2234 702 2316 Sphondylio
751 2255 989 2317 quoque
1036 2245 1214 2318 caput
1266 2246 1664 2317 perungatur,
1720 2237 1825 2298 sed
1880 2241 2051 2316 prius
2109 2239 2367 2301 radatur.
2425 2274 2431 2279 -

270 2337 302 2385 2
343 2323 601 2385 Cornum
659 2327 861 2387 arietis
906 2335 1117 2388 uratur
1164 2329 1434 2406 cinisque
1482 2328 1611 2387 eius
1659 2344 1798 2387 cum
1844 2326 1974 2387 oleo
2023 2335 2369 2389 conteratur

271 2428 303 2476 3
342 2421 521 2493 atque
577 2413 715 2474 inde
773 2413 1050 2476 derasum
1116 2424 1296 2494 caput
1360 2416 1706 2495 frequenter
1763 2423 2039 2494 ungatur.
2131 2416 2369 2496 Capillis

341 2502 648 2581 nigrandis
694 2502 936 2565 infectio
983 2507 1228 2583 optima:
1302 2500 1705 2565 Hirundinum
1761 2513 2025 2584 stercuS,
2082 2515 2369 2584 quantum
2402 2521 2456 2562 πο

345 2590 625 2674 sufficiat,
681 2610 817 2652 cum
876 2596 1029 2654 aceti
1076 2594 1334 2654 sextario
1380 2595 1548 2654 mitte
1597 2594 1659 2653 in
1705 2611 1807 2653 vas
1855 2592 2033 2654 fictile
2081 2602 2261 2674 atque
2308 2596 2372 2656 in

343 2680 482 2740 fimo
539 2679 828 2742 caballino
883 2701 993 2762 per
1049 2682 1177 2742 dies
1233 2680 1447 2740 XXXV
1502 2681 1819 2743 suffossum
1874 2681 2092 2742 habeto
2152 2702 2218 2744 ac
2286 2686 2370 2744 sic
2417 2678 2430 2691 ‘

347 2776 641 2830 macerato
690 2778 867 2849 atque
914 2769 1029 2832 hoc
1076 2771 1508 2832 medicamento
1556 2788 1754 2831 rasum
1804 2779 1983 2849 caput
2028 2771 2262 2833 inlinito
2309 2774 2372 2832 in

346 2856 555 2918 umbra
607 2877 718 2938 per
774 2858 1115 2937 peniculum
1161 2861 1427 2938 pictoris,
1513 2858 1629 2919 Sed
1678 2877 1816 2920 sevo
1864 2862 2104 2920 cervino
2162 2861 2371 2921 faciem

344 2948 513 3024 prius
560 2965 846 3030 perunge,
894 2966 969 3008 ne
1016 2949 1159 3027 quid
1205 2947 1343 3008 inde
1391 2946 1650 3009 destillet
1696 2955 1757 3008 et
1802 2948 2084 3030 maculet,
2132 2956 2193 3009 et
2230 2949 2372 3010 dum
2402 2964 2457 3005 25

347 3036 607 3096 siccatur
651 3036 920 3117 infectio,
968 3036 1164 3098 oleum
1211 3038 1368 3097 intra
1416 3055 1482 3097 os
1528 3043 1748 3116 teneto,
1801 3055 1875 3097 ne
1922 3045 1984 3098 et
2030 3036 2239 3099 dentes
2286 3040 2372 3099 in-

348 3124 651 3205 ficiantur,
697 3141 765 3186 ac
809 3133 1124 3206 postquam
1173 3127 1534 3204 imposueris
1581 3124 1965 3203 medicamen,
2018 3134 2230 3206 quarto
2279 3128 2374 3187 die

277 3224 311 3274 4
352 3221 530 3291 caput
575 3212 782 3274 lavato.
865 3213 1123 3275 Medium
1180 3214 1435 3293 lapidem
1487 3216 1779 3275 conterito
1827 3217 2001 3294 eique
2048 3214 2374 3277 admisceto

351 3301 522 3361 nardi
576 3304 716 3380 puri
771 3312 1056 3382 quantum
1114 3305 1255 3364 satis
1315 3302 1637 3384 videbitur,
1704 3321 1822 3382 quo
1877 3302 2264 3365 medicamine
2324 3306 2378 3365 si

347 3390 696 3471 frequenter
724 3399 901 3471 caput
929 3410 1175 3474 unguaS,
1215 3391 1561 3470 prohibebis
1598 3408 1775 3452 canos
1806 3394 1968 3453 nasci
1997 3400 2057 3453 et
2084 3395 2144 3453 in
2174 3393 2376 3454 locum
2403 3409 2457 3450 so

491 3586 559 3635 29
597 3599 635 3636 a
671 3579 956 3637 videbitur
991 3581 1250 3637 vocabulo
1285 3582 1453 3636 codex
1487 3595 1683 3636 rursus
1717 3579 1940 3651 incipit.
2044 3587 2115 3637 30
2142 3598 2375 3653 ungens·
2425 3626 2442 3638 ,
