2575 4092
296 579 330 630 8

296 757 328 806 9

262 933 329 982 10

258 2437 322 2486 11

254 3144 318 3222 12

1144 266 1220 276 -
1318 230 1626 296 368—-

367 394 518 452 cinis
563 390 897 453 levissimus
944 391 1204 454 admixto
1252 394 1538 471 sanguine
1585 389 1811 452 bubulo
1864 388 2151 450 subactus
2190 397 2251 450 et
2289 392 2388 449 im·

366 482 614 558 positus.

546 566 850 630 Vettonica
898 587 1033 630 cum
1081 587 1231 649 aqua
1278 567 1352 629 ad
1399 570 1607 629 tertias
1654 567 1898 628 decocta
1945 584 2013 626 ac
2052 568 2225 645 potui
2263 565 2390 627 data

366 658 615 736 ipsaque
664 675 798 718 cum
837 657 1143 718 decoxerit
1178 659 1321 718 trita
1359 665 1538 736 atque
1576 656 1842 736 adposita
1877 654 2176 736 podagrae
2210 654 2390 733 pluri·

367 763 530 806 mum
586 745 877 807 medetur.
958 745 1155 807 Herba
1210 747 1474 825 senecio,
1532 763 1682 823 quae
1733 746 1794 804 in
1842 743 2058 823 tegulis
2106 747 2433 823 nascitur-‚⁶

367 851 505 894 cum
543 833 663 894 sale
700 837 841 894 trita
878 836 1005 894 vice
1043 833 1408 912 malagmatis
1445 836 1718 913 imposita
1755 832 2093 911 podagricis
2131 833 2391 910 prodest.
2538 827 2539 912 l

546 921 828 1001 Malagma
882 925 1365 1002 potentissimum
1420 921 1493 982 ad
1550 922 1898 1000 podagram,
1948 920 2023 980 ad
2082 919 2395 1000 fracturaS,

368 1009 438 1071 ad
496 1019 788 1089 tumores,
842 1010 916 1071 ad
971 1010 1407 1091 condylomata,
1463 1013 1642 1071 etiam
1697 1009 1768 1070 ad
1826 1011 2060 1069 renium
2107 1008 2394 1090 dolorem,

368 1101 418 1159 si
455 1098 574 1160 illic
611 1102 968 1179 imponatur,
1015 1099 1174 1178 quod
1212 1100 1346 1160 fieri
1382 1105 1620 1178 oportet
1654 1097 1970 1178 speciebus
2009 1098 2166 1158 infra
2205 1099 2392 1177 scrip·
2540 1177 2541 1184 ἵ

366 1189 445 1247 tis
492 1190 604 1248 sic:
650 1186 917 1267 Asphalti
962 1186 1161 1266 pondo
1210 1206 1416 1268 unum,
1466 1205 1639 1248 cerae
1675 1186 1873 1265 pondo
1909 1204 2114 1259 unum,
2154 1188 2389 1246 resinae
2415 1204 2459 1243 ιο
2540 1187 2541 1236 3

365 1274 692 1336 colofoniae
737 1275 934 1354 pondo
982 1294 1185 1355 unum,
1230 1277 1385 1354 picis
1429 1275 1698 1337 Bruttiae
1745 1273 1942 1354 pondo
1981 1292 2186 1354 unum,
2236 1274 2392 1336 chal-

365 1363 564 1425 citidis
608 1363 673 1424 P.
709 1363 763 1443 1,
810 1382 1054 1443 spumae
1101 1366 1334 1443 argenti
1379 1366 1776 1443 sescunciam,
1823 1381 2099 1424 cerussae
2148 1381 2391 1424 sescun-

365 1454 535 1533 ciam,
580 1452 855 1513 aluminis
902 1453 1146 1513 rotundi
1187 1454 1577 1532 sescunciam,
1622 1451 1898 1512 aluminis
1935 1453 2110 1511 scissi
2147 1469 2392 1512 sescun-

364 1543 543 1622 ciam,
589 1543 809 1620 misyos
856 1543 1252 1622 sescunciam,
1300 1540 1485 1619 gallae
1533 1542 1929 1620 sescunciam,
1976 1542 2097 1617 opii
2143 1543 2392 1601 seminis

364 1632 753 1709 sescunciam,
791 1632 1147 1709 opopanacis
1186 1631 1576 1708 sescunciam,
1614 1629 1772 1689 aloes
1803 1630 2193 1708 sescunciam,
2230 1647 2393 1708 myr-
2418 1645 2462 1686 ιε

364 1736 464 1778 rae
513 1720 909 1798 sescunciam,
956 1721 1110 1779 turis
1157 1717 1469 1779 masculini
1517 1721 1913 1797 sescunciam,
1960 1715 2184 1777 herbae
2229 1735 2392 1778 man·

363 1806 647 1884 dragorae
682 1839 758 1850 -
790 1806 815 1866 Ι
848 1806 906 1887 S,
934 1809 1088 1867 aceti
1117 1806 1273 1885 quod
1306 1806 1578 1867 sufficiat.
1624 1804 1787 1876 Quae
1817 1804 2115 1866 tundenda
2147 1805 2392 1885 fuerint,

362 1894 579 1954 tundes
635 1903 696 1955 et
749 1913 987 1975 cerne8‚
1048 1913 1199 1974 quae
1245 1895 1701 1975 liquefacienda‚
1757 1894 1829 1954 ad
1881 1896 2078 1972 ignem
2125 1894 2391 1955 resolves

363 1992 424 2044 et
460 1982 648 2044 colata
686 1985 747 2043 in
787 2002 972 2045 unum
1008 1983 1398 2063 permiscebis
1436 1992 1496 2044 et
1533 1983 1654 2044 leui
1689 2001 1906 2062 vapore
1940 1983 2097 2061 ignis
2125 1985 2390 2044 tenuiter

364 2070 663 2150 decoques
710 2079 771 2131 et
816 2080 982 2133 aceto
1027 2071 1312 2152 paulatim
1358 2090 1746 2153 consperges3
1793 2071 2008 2132 deinde
2044 2071 2230 2131 facies
2270 2080 2386 2132 tro-
2413 2087 2461 2127 zo

363 2159 623 2240 chiscoS,
689 2162 795 2238 qui
848 2159 1102 2221 habeant
1159 2160 1380 2239 singuli
1425 2193 1508 2204 —
1557 2160 1756 2239 binas,
1812 2178 1990 2239 quos,
2046 2177 2185 2221 cum
2240 2179 2387 2222 usus

362 2250 644 2327 exegerit,
681 2246 803 2307 leni
841 2249 979 2326 igne
1015 2248 1277 2310 resolves
1316 2258 1375 2310 et
1413 2251 1499 2310 sic
1536 2248 1789 2329 pedibus
1826 2248 2194 2326 malagmatis
2220 2267 2386 2309 more

362 2353 648 2413 impones

540 2422 889 2485 Remedium
934 2434 1433 2503 praesentaneum
1477 2425 1549 2486 ad
1595 2425 1914 2505 podagram
1962 2433 2022 2484 et
2063 2442 2385 2485 nervorum

361 2520 423 2572 et
475 2511 677 2572 lateris
733 2521 793 2573 et
837 2516 1073 2575 renium
1129 2523 1190 2575 et
1235 2514 1574 2575 lumborum
1619 2513 1854 2574 dolores
1901 2521 1961 2573 et
2007 2512 2079 2573 ad
2127 2521 2387 2575 strumas
2412 2530 2458 2570 ss

361 2609 421 2662 et
459 2600 531 2660 ad
569 2600 869 2680 parotidas
907 2610 968 2662 et
1004 2602 1308 2681 paniculas
1347 2606 1461 2664 sic:
1506 2602 1810 2663 Pumicem
1850 2603 2162 2681 marinum,
2209 2601 2385 2663 bacas

358 2688 536 2768 lauri,
596 2691 937 2769 aeruginem
999 2710 1187 2771 aequo
1243 2693 1508 2770 pondere
1555 2689 1887 2752 contundes
1933 2698 1993 2750 et
2038 2697 2202 2751 teres
2248 2709 2382 2751 cum

356 2780 564 2858 pipere
612 2787 672 2839 et
718 2779 857 2860 sale,
905 2787 1190 2858 quantum
1229 2782 1560 2841 aestimaris
1597 2796 1772 2858 posse
1812 2778 2117 2860 sufficere3
2164 2779 2383 2839 adicies

359 2876 418 2928 et
463 2869 614 2947 picis
661 2867 844 2928 durae
892 2876 954 2928 et
990 2867 1106 2929 olei
1146 2879 1205 2928 et
1242 2868 1433 2929 mellis
1470 2867 1839 2947 aliquantum
1875 2876 1935 2927 et
1971 2866 2149 2928 simul
2185 2871 2383 2929 omnia

359 2973 549 3034 usque
587 2955 659 3015 ad
698 2956 1147 3034 spissitudinem
1184 2957 1482 3035 decoques
1511 2966 1571 3017 et
1599 2956 1786 3017 colata
1815 2973 1950 3016 cum
1980 2955 2110 3016 oleo
2141 2955 2382 3036 Syriaco
2408 2974 2457 3015 so

358 3042 599 3122 subiges
646 3052 708 3104 et
749 3063 860 3124 pro
909 3044 1271 3125 malagmate,
1317 3063 1454 3105 cum
1501 3063 1652 3123 opus
1699 3045 1898 3125 fuerit,
1944 3046 2152 3105 uteriS.

535 3131 897 3210 Compositio
934 3132 1331 3195 Mithridatica
1369 3134 1439 3195 ad
1478 3132 1797 3212 podagram
1834 3140 1895 3193 et
1931 3150 2253 3193 nervorum
2283 3132 2381 3193 do·

356 3219 514 3280 lores
562 3228 622 3280 et
668 3224 1105 3281 contractiones
1152 3224 1265 3283 sic:
1324 3221 1506 3282 Cerae
1555 3223 1789 3282 unciam
1835 3238 2041 3302 unam,
2088 3221 2380 3282 medullae

357 3310 627 3369 cervinae
675 3307 1013 3369 drachmam
1061 3308 1105 3390 1,
1150 3310 1342 3389 adipis
1379 3311 1617 3370 ursinae
1655 3308 1996 3370 drachmam
2032 3308 2077 3391 1,
2125 3311 2383 3371 cinnami

358 3582 404 3635 0
537 3518 600 3596 lt}
638 3512 753 3567 leni
788 3515 1016 3583 scripsi:
1064 3514 1177 3570 levi
1218 3513 1539 3570 Gornarius.
1739 3520 1807 3569 22
1844 3514 1962 3570 leni
1996 3516 2224 3586 δωρεὴ
2269 3516 2380 3572 levi

403 3598 678 3637 ornamus.
