2575 4092
1106 216 1583 282 —136—

336 381 633 441 sextarius
679 386 740 440 et
784 397 1027 441 rursum
1075 381 1371 459 coquitur.
1445 379 1560 441 Ubi
1605 386 1800 440 autem
1850 378 2002 441 bene
2049 380 2372 443 decoctum

337 469 536 549 suerit,
584 475 783 529 cetera
831 486 1012 548 supra
1058 470 1279 549 scripta
1329 487 1479 548 quae
1527 470 1684 530 sicca
1731 477 1874 529 sunt
1917 471 2057 530 trita
2099 470 2371 532 adiciun-

336 565 439 619 tur
466 559 804 636 iterumque
835 557 1193 637 decoquitur
1220 557 1738 637 medicamentum,
1777 557 1967 618 donec
1999 560 2079 619 sit
2103 561 2369 639 spissum

225 660 301 709 44
339 645 501 708 velut
538 645 671 707 mel.
735 646 921 726 Rhus,
960 665 1077 726 quo
1115 648 1357 708 coriarii
1392 655 1663 727 utuntur,
1701 646 1980 707 soliorum
2016 654 2367 710 tenerorum

339 735 726 797 collectorum
781 742 1034 816 aestate,
1088 737 1439 815 priusquam
1494 754 1699 797 semen
1754 735 2104 798 arbusculae
2155 756 2368 800 eorum
2397 753 2429 794 5

336 823 610 899 habeant,
647 822 699 883 X
739 822 956 884 XXIIII
993 833 1373 885 macerantur
1408 827 1472 885 in
1510 843 1696 905 aquae
1734 824 1954 885 nitidae
1993 828 2223 904 congiis
2260 829 2367 888 tri-

337 914 450 975 bus
497 913 743 974 totidem
790 911 1001 974 diebus
1046 913 1414 992 totidemque
1459 913 1764 994 noctibuS,
1822 913 2036 974 deinde
2084 932 2366 994 expressa

336 1002 475 1064 folia
521 1002 889 1082 abiciuntur,
937 1020 1116 1084 aqua,
1162 1004 1225 1062 in
1272 1021 1389 1081 qua
1437 1009 1731 1064 macerata
1776 1002 2019 1083 fuerint,
2063 1005 2368 1065 transfun-

340 1092 502 1153 ditur
549 1093 611 1152 in
657 1108 759 1151 vas
805 1108 1046 1151 aereum
1093 1099 1154 1152 et
1199 1093 1506 1172 coquitur,
1560 1091 1750 1152 donec
1804 1093 1867 1151 in
1922 1091 2114 1152 mellis
2159 1095 2366 1172 spissi-

335 1180 605 1242 tudinem
662 1179 983 1258 redigatur.
1076 1178 1329 1258 Oportet
1382 1189 1581 1241 autem
1637 1181 1862 1241 moveri
1915 1199 2128 1260 aquam
2173 1182 2364 1261 ipsam
2394 1196 2458 1237 ιο

336 1268 608 1331 rudicula
664 1268 756 1328 vel
810 1267 1174 1347 spathomela
1220 1270 1378 1329 aeris
1434 1268 1629 1350 rubri3
1682 1277 1889 1348 postea
1946 1269 2101 1329 adici
2146 1270 2371 1332 debent

335 1360 476 1419 trita
523 1357 695 1418 haec:
740 1357 1000 1437 Myrrae,
1046 1359 1228 1439 turiS,
1275 1357 1445 1418 nardi
1493 1357 1785 1440 Syriacae,
1831 1359 2108 1438 cinnami,
2153 1362 2368 1441 casiae,

336 1445 708 1525 singulorum
757 1445 986 1507 denarii
1031 1444 1181 1527 bini3
1231 1445 1447 1507 deinde
1494 1446 1588 1506 bis
1632 1454 1797 1507 terve
1845 1447 2207 1508 infervefieri
2244 1467 2366 1509 me-

334 1537 736 1597 dicamentum
784 1543 845 1596 et
891 1537 1102 1614 reponi
1146 1537 1209 1595 in
1256 1535 1470 1615 pyxide
1517 1553 1749 1616 cyprea.
1837 1534 2004 1597 Facit
2048 1536 2120 1596 ad
2167 1539 2366 1598 omnia

336 1627 504 1705 vitia,
560 1642 712 1704 quae
767 1626 829 1684 in
887 1642 990 1685 ore
1047 1632 1403 1705 nascuntur,
1459 1633 1521 1685 et
1565 1625 1639 1685 ad
1687 1643 1855 1686 uvam
1904 1634 1965 1685 et
2010 1628 2259 1687 arterias
2305 1635 2368 1687 et
2394 1640 2453 1682 1⁵

335 1717 607 1793 anginam
655 1720 717 1773 et
763 1713 832 1773 ad
883 1712 1195 1788 auriculaS,
1244 1732 1316 1774 ex
1356 1713 1575 1792 quibus
1611 1715 1781 1792 puris
1818 1713 2070 1774 multum
2107 1713 2259 1795 fluit,
2305 1726 2368 1776 et

333 1803 408 1863 ad
453 1809 689 1863 veretra
736 1811 797 1863 et
841 1802 915 1863 ad
961 1802 1322 1880 nigridinem
1368 1801 1887 1883 carbunculorum,
1935 1811 2167 1864 crustas
2219 1822 2366 1883 quo-

335 1910 452 1971 que
509 1898 570 1951 et
624 1889 871 1970 papulas
927 1908 1133 1951 omnes
1189 1898 1250 1951 et
1299 1893 1554 1952 maxime
1601 1910 1670 1952 ea
1714 1892 1942 1952 umoris
1988 1893 2154 1973 vitia,
2212 1911 2365 1971 quae

333 1982 394 2041 in
454 1987 627 2040 nocte
685 1982 1087 2061 concitantur,
1144 1988 1460 2060 expurgat3
1518 1979 1622 2040 sed
1671 1982 1722 2040 si
1768 1987 2063 2041 vetustate
2111 1981 2365 2042 medica·

332 2078 600 2130 mentum
655 2070 971 2149 inaruerit,
1020 2069 1350 2129 remittitur
1405 2076 1465 2129 et
1518 2077 1886 2148 temperatur
1929 2071 2066 2129 vino
2123 2078 2362 2131 austere
2391 2083 2448 2122 2⁰

333 2157 486 2218 bene
533 2156 738 2217 calido.

220 2255 296 2305 45
512 2244 864 2305 Remedium
893 2244 1094 2305 Cosmi
1119 2244 1340 2305 medici
1377 2245 1448 2306 ad
1489 2247 1761 2324 anginam
1791 2255 1852 2307 et
1879 2246 1952 2308 ad
1981 2248 2175 2307 omnia
2205 2250 2366 2329 vitia,

336 2351 488 2414 quae
531 2335 594 2394 in
641 2351 746 2393 ore
793 2341 1140 2413 nascuntur,
1186 2341 1247 2394 et
1293 2333 1366 2394 ad
1412 2352 1590 2395 aures
1635 2353 1786 2415 pure
1829 2345 2137 2396 manantes
2182 2344 2244 2397 et
2292 2337 2366 2397 ad

336 2420 735 2484 carbunculos
790 2430 968 2501 atque
1024 2422 1097 2483 ad
1144 2430 1404 2505 veretra,
1460 2441 1611 2502 quae
1659 2424 2014 2503 nigridinem
2063 2424 2364 2506 duxerint,

334 2521 395 2574 et
441 2512 511 2572 ad
561 2519 796 2573 crustas
842 2518 903 2571 et
948 2512 1018 2572 ad
1068 2510 1268 2572 ulcera
1316 2513 1377 2571 in
1421 2510 1674 2591 pedibus
1722 2511 1974 2574 subtrita
2013 2513 2362 2575 calciamen-
2393 2525 2447 2566 2⁶

333 2603 438 2662 tis:
489 2600 658 2662 Rhus
706 2599 935 2680 Syriaci
979 2599 1032 2659 X
1070 2599 1148 2678 ΙΙ,
1195 2618 1429 2680 myrrae
1477 2600 1528 2661 X
1564 2600 1698 2681 1111,
1747 2604 1939 2663 casiae
1986 2601 2036 2662 X
2072 2601 2152 2682 11,
2198 2606 2366 2664 croci

331 2688 385 2749 X
422 2688 495 2770 11,
541 2687 736 2750 mellis
773 2689 953 2750 Attici
999 2689 1242 2768 cyathos
1290 2689 1457 2751 duce.
1535 2689 1827 2768 Coquitur
1866 2691 2365 2752 medicamentum

333 2778 493 2839 lente
548 2780 610 2838 in
666 2780 867 2838 cinere
915 2776 1131 2859 calido,
1187 2777 1376 2838 donec
1433 2780 1693 2858 spissum
1749 2780 1874 2859 fiat,
1931 2780 2246 2858 reponitur
2300 2783 2365 2840 in

330 2885 471 2928 vaso
517 2884 709 2927 aereo.

220 2967 294 3015 46
511 2955 816 3016 Arteriace
864 2954 935 3015 ad
983 2955 1320 3034 gravidines
1376 2956 1496 3015 oris
1552 2962 1615 3016 et
1658 2958 1869 3036 capitis
1917 2964 1976 3017 et
2023 2955 2093 3017 ad
2140 2955 2364 3035 pleuri-
2391 2969 2443 3009 ³⁰

332 3046 486 3105 ticos
543 3052 603 3104 et
658 3063 766 3123 per
820 3052 1050 3105 tussem
1108 3045 1456 3123 sanguinem
1524 3045 1807 3106 eicientes
1862 3045 2179 3106 conficitur
2245 3049 2365 3108 sic:

332 3132 503 3194 Passi
549 3133 770 3194 Cretici
816 3135 1058 3194 sextarii
1104 3132 1222 3194 duo
1270 3132 1691 3212 decoquuntur
1737 3134 1807 3194 ad
1857 3135 2090 3214 tertiaS‚
2148 3134 2367 3196 deinde

332 3223 696 3284 admiscetur
742 3224 897 3283 turis
954 3223 1250 3282 victoriati
1307 3221 1458 3283 duae
1512 3223 1796 3282 tertiaeve
1848 3231 2074 3301 partes,
2131 3241 2366 3302 myrrae

332 3312 592 3393 dimidia,
640 3313 805 3371 croci
850 3329 993 3392 una,
1041 3310 1411 3389 tragacanthi
1456 3309 1508 3370 X
1546 3309 1601 3392 I,
1646 3313 1900 3390 gummis
1949 3311 1999 3371 X
2039 3310 2089 3392 1,
2135 3314 2368 3391 piperis

475 3452 508 3501 6
546 3446 750 3518 aquae]
789 3462 920 3515 qua.
997 3489 1006 3494 .
1063 3452 1095 3501 9
1135 3444 1533 3516 spissitudinis.
1682 3453 1744 3500 11
1783 3446 2044 3502 tuticula.
2172 3451 2365 3518 spato-

330 3518 542 3645 {affixisti
642 3525 707 3573 13
745 3518 927 3590 terve]
966 3519 1069 3573 ter.
1234 3523 1302 3571 33
1341 3517 1485 3573 duae
1523 3518 1582 3572 et
1617 3518 1907 3574 tertiaeve.
2064 3524 2136 3572 34
2171 3520 2365 3589 traga-
