<?xml version="1.0" encoding="UTF-8"?>
<!DOCTYPE html PUBLIC "-//W3C//DTD XHTML 1.0 Transitional//EN"
    "http://www.w3.org/TR/xhtml1/DTD/xhtml1-transitional.dtd">
<html xmlns="http://www.w3.org/1999/xhtml" xml:lang="en" lang="en">
 <head>
  <title>
</title>
<meta http-equiv="Content-Type" content="text/html;charset=utf-8" />
  <meta name='ocr-system' content='tesseract 3.04.00' />
  <meta name='ocr-capabilities' content='ocr_page ocr_carea ocr_par ocr_line ocrx_word'/>
</head>
<body>
  <div class='ocr_page' id='page_1' title='image "./marcellidemedic00unkngoog_0035.png"; bbox 0 0 2575 4092; ppageno 0'>
   <div class='ocr_carea' id='block_1_1' title="bbox 1023 230 1462 295">
    <p class='ocr_par' dir='ltr' id='par_1_1' title="bbox 1023 230 1462 295">
     <span class='ocr_line' id='line_1_1' title="bbox 1023 230 1462 295; baseline 0.005 -19"><span class='ocrx_word' id='word_1_1' title='bbox 1023 230 1462 295; x_wconf 77' lang='lat'>...25-</span> 
     </span>
    </p>
   </div>
   <div class='ocr_carea' id='block_1_2' title="bbox 139 394 2254 2877">
    <p class='ocr_par' dir='ltr' id='par_1_2' title="bbox 139 394 2254 2877">
     <span class='ocr_line' id='line_1_2' title="bbox 220 394 2254 476; baseline 0 -21"><span class='ocrx_word' id='word_1_2' title='bbox 220 397 284 455; x_wconf 94' lang='lat' dir='ltr'><strong>in</strong></span> <span class='ocrx_word' id='word_1_3' title='bbox 343 412 415 453; x_wconf 92' lang='lat' dir='ltr'><strong>eo</strong></span> <span class='ocrx_word' id='word_1_4' title='bbox 472 394 612 454; x_wconf 87' lang='lat' dir='ltr'><strong>vitia</strong></span> <span class='ocrx_word' id='word_1_5' title='bbox 661 395 918 475; x_wconf 83' lang='lat' dir='ltr'><strong>diversa,</strong></span> <span class='ocrx_word' id='word_1_6' title='bbox 975 403 1076 456; x_wconf 87' lang='lat' dir='ltr'><strong>aut</strong></span> <span class='ocrx_word' id='word_1_7' title='bbox 1123 413 1197 456; x_wconf 87' lang='lat' dir='ltr'><strong>ne</strong></span> <span class='ocrx_word' id='word_1_8' title='bbox 1245 397 1465 457; x_wconf 89' lang='lat' dir='ltr'><strong>iterum</strong></span> <span class='ocrx_word' id='word_1_9' title='bbox 1511 413 1620 476; x_wconf 90' lang='lat' dir='ltr'><strong>per</strong></span> <span class='ocrx_word' id='word_1_10' title='bbox 1666 395 1920 476; x_wconf 81' lang='lat' dir='ltr'><strong>aliquam</strong></span> <span class='ocrx_word' id='word_1_11' title='bbox 1972 412 2254 457; x_wconf 86' lang='lat' dir='ltr'><strong>venarum</strong></span> 
     </span>
     <span class='ocr_line' id='line_1_3' title="bbox 222 483 2252 566; baseline 0 -21"><span class='ocrx_word' id='word_1_12' title='bbox 222 489 500 562; x_wconf 89' lang='lat' dir='ltr'><strong>erumpat</strong></span> <span class='ocrx_word' id='word_1_13' title='bbox 546 483 619 543; x_wconf 92' lang='lat' dir='ltr'><strong>ad</strong></span> <span class='ocrx_word' id='word_1_14' title='bbox 661 501 837 544; x_wconf 91' lang='lat' dir='ltr'><strong>aures</strong></span> <span class='ocrx_word' id='word_1_15' title='bbox 875 484 1168 563; x_wconf 81' lang='lat' dir='ltr'><strong>faciatque</strong></span> <span class='ocrx_word' id='word_1_16' title='bbox 1205 484 1508 545; x_wconf 90' lang='lat' dir='ltr'><strong>hominem</strong></span> <span class='ocrx_word' id='word_1_17' title='bbox 1546 484 1813 566; x_wconf 91' lang='lat' dir='ltr'><strong>surdum,</strong></span> <span class='ocrx_word' id='word_1_18' title='bbox 1859 492 2051 546; x_wconf 85' lang='lat' dir='ltr'><strong>totum</strong></span> <span class='ocrx_word' id='word_1_19' title='bbox 2089 487 2252 566; x_wconf 88' lang='lat' dir='ltr'><strong>oppi-</strong></span> 
     </span>
     <span class='ocr_line' id='line_1_4' title="bbox 221 571 2254 656; baseline 0.001 -23"><span class='ocrx_word' id='word_1_20' title='bbox 221 573 353 634; x_wconf 89' lang='lat' dir='ltr'><strong>lans</strong></span> <span class='ocrx_word' id='word_1_21' title='bbox 401 571 688 652; x_wconf 90' lang='lat' dir='ltr'><strong>auditum,</strong></span> <span class='ocrx_word' id='word_1_22' title='bbox 735 581 836 634; x_wconf 90' lang='lat' dir='ltr'><strong>aut</strong></span> <span class='ocrx_word' id='word_1_23' title='bbox 880 591 1114 634; x_wconf 88' lang='lat' dir='ltr'><strong>vermes</strong></span> <span class='ocrx_word' id='word_1_24' title='bbox 1159 575 1220 634; x_wconf 91' lang='lat' dir='ltr'><strong>in</strong></span> <span class='ocrx_word' id='word_1_25' title='bbox 1268 572 1516 635; x_wconf 87' lang='lat' dir='ltr'><strong>auribus</strong></span> <span class='ocrx_word' id='word_1_26' title='bbox 1560 582 1824 656; x_wconf 81' lang='lat' dir='ltr'><strong>generet,</strong></span> <span class='ocrx_word' id='word_1_27' title='bbox 1870 573 1962 635; x_wconf 82' lang='lat' dir='ltr'><strong>vel</strong></span> <span class='ocrx_word' id='word_1_28' title='bbox 2008 573 2254 635; x_wconf 88' lang='lat' dir='ltr'><strong>naribus</strong></span> 
     </span>
     <span class='ocr_line' id='line_1_5' title="bbox 223 660 2254 744; baseline 0 -22"><span class='ocrx_word' id='word_1_29' title='bbox 223 660 475 742; x_wconf 78' lang='lat' dir='ltr'>polypos</span> <span class='ocrx_word' id='word_1_30' title='bbox 521 663 765 743; x_wconf 88' lang='lat' dir='ltr'><strong>nutriat,</strong></span> <span class='ocrx_word' id='word_1_31' title='bbox 812 670 916 723; x_wconf 88' lang='lat' dir='ltr'><strong>aut</strong></span> <span class='ocrx_word' id='word_1_32' title='bbox 972 662 1162 724; x_wconf 90' lang='lat' dir='ltr'><strong>oculis</strong></span> <span class='ocrx_word' id='word_1_33' title='bbox 1208 661 1495 742; x_wconf 79' lang='lat' dir='ltr'><strong>aegilopia</strong></span> <span class='ocrx_word' id='word_1_34' title='bbox 1542 665 1779 744; x_wconf 86' lang='lat' dir='ltr'><strong>excitet,</strong></span> <span class='ocrx_word' id='word_1_35' title='bbox 1825 671 1929 724; x_wconf 88' lang='lat' dir='ltr'><strong>aut</strong></span> <span class='ocrx_word' id='word_1_36' title='bbox 1972 661 2254 724; x_wconf 85' lang='lat' dir='ltr'><strong>dentibus</strong></span> 
     </span>
     <span class='ocr_line' id='line_1_6' title="bbox 169 749 2253 832; baseline 0.001 -23"><span class='ocrx_word' id='word_1_37' title='bbox 169 767 196 809; x_wconf 78' lang='lat'><strong>5</strong></span> <span class='ocrx_word' id='word_1_38' title='bbox 224 753 303 812; x_wconf 87' lang='lat' dir='ltr'><strong>sit</strong></span> <span class='ocrx_word' id='word_1_39' title='bbox 351 749 640 811; x_wconf 88' lang='lat' dir='ltr'><strong>molestus</strong></span> <span class='ocrx_word' id='word_1_40' title='bbox 687 760 747 811; x_wconf 91' lang='lat' dir='ltr'><strong>et</strong></span> <span class='ocrx_word' id='word_1_41' title='bbox 793 751 968 812; x_wconf 82' lang='lat' dir='ltr'><strong>saciat</strong></span> <span class='ocrx_word' id='word_1_42' title='bbox 1005 751 1305 813; x_wconf 91' lang='lat' dir='ltr'><strong>hominem</strong></span> <span class='ocrx_word' id='word_1_43' title='bbox 1354 753 1477 812; x_wconf 90' lang='lat' dir='ltr'><strong>oris</strong></span> <span class='ocrx_word' id='word_1_44' title='bbox 1525 751 1694 813; x_wconf 77' lang='lat' dir='ltr'><strong>fetidi</strong></span> <span class='ocrx_word' id='word_1_45' title='bbox 1741 760 1919 830; x_wconf 89' lang='lat' dir='ltr'><strong>atque</strong></span> <span class='ocrx_word' id='word_1_46' title='bbox 1967 754 2253 832; x_wconf 82' lang='lat' dir='ltr'><strong>corrupti,</strong></span> 
     </span>
     <span class='ocr_line' id='line_1_7' title="bbox 221 839 2254 921; baseline 0 -21"><span class='ocrx_word' id='word_1_47' title='bbox 221 840 337 915; x_wconf 83' lang='lat' dir='ltr'><strong>vel,</strong></span> <span class='ocrx_word' id='word_1_48' title='bbox 385 839 545 919; x_wconf 90' lang='lat' dir='ltr'><strong>quod</strong></span> <span class='ocrx_word' id='word_1_49' title='bbox 592 841 843 901; x_wconf 84' lang='lat' dir='ltr'><strong>maxime</strong></span> <span class='ocrx_word' id='word_1_50' title='bbox 890 840 1218 901; x_wconf 83' lang='lat' dir='ltr'><strong>cavendum</strong></span> <span class='ocrx_word' id='word_1_51' title='bbox 1267 848 1377 921; x_wconf 87' lang='lat' dir='ltr'><strong>est,</strong></span> <span class='ocrx_word' id='word_1_52' title='bbox 1424 859 1498 902; x_wconf 91' lang='lat' dir='ltr'><strong>ne</strong></span> <span class='ocrx_word' id='word_1_53' title='bbox 1544 859 1654 920; x_wconf 91' lang='lat' dir='ltr'><strong>per</strong></span> <span class='ocrx_word' id='word_1_54' title='bbox 1702 858 1848 902; x_wconf 87' lang='lat' dir='ltr'><strong>uvae</strong></span> <span class='ocrx_word' id='word_1_55' title='bbox 1900 839 2254 902; x_wconf 88' lang='lat' dir='ltr'><strong>destillantis</strong></span> 
     </span>
     <span class='ocr_line' id='line_1_8' title="bbox 222 927 2252 1010; baseline 0 -20"><span class='ocrx_word' id='word_1_56' title='bbox 222 938 329 990; x_wconf 88' lang='lat' dir='ltr'><strong>aut</strong></span> <span class='ocrx_word' id='word_1_57' title='bbox 377 927 748 990; x_wconf 83' lang='lat' dir='ltr'><strong>exulceratae</strong></span> <span class='ocrx_word' id='word_1_58' title='bbox 794 931 1005 990; x_wconf 88' lang='lat' dir='ltr'><strong>vitium</strong></span> <span class='ocrx_word' id='word_1_59' title='bbox 1052 932 1178 1009; x_wconf 89' lang='lat' dir='ltr'><strong>ipsa</strong></span> <span class='ocrx_word' id='word_1_60' title='bbox 1226 931 1453 991; x_wconf 87' lang='lat' dir='ltr'><strong>musica</strong></span> <span class='ocrx_word' id='word_1_61' title='bbox 1501 929 1759 991; x_wconf 92' lang='lat' dir='ltr'><strong>hominis</strong></span> <span class='ocrx_word' id='word_1_62' title='bbox 1806 937 2089 1010; x_wconf 87' lang='lat' dir='ltr'><strong>corrupta</strong></span> <span class='ocrx_word' id='word_1_63' title='bbox 2130 928 2252 990; x_wconf 90' lang='lat' dir='ltr'><strong>lan-</strong></span> 
     </span>
     <span class='ocr_line' id='line_1_9' title="bbox 221 1016 2252 1100; baseline 0 -22"><span class='ocrx_word' id='word_1_64' title='bbox 221 1027 471 1098; x_wconf 86' lang='lat' dir='ltr'><strong>guescat</strong></span> <span class='ocrx_word' id='word_1_65' title='bbox 525 1017 909 1098; x_wconf 88' lang='lat' dir='ltr'><strong>pulmonique</strong></span> <span class='ocrx_word' id='word_1_66' title='bbox 966 1026 1027 1080; x_wconf 88' lang='lat' dir='ltr'><strong>et</strong></span> <span class='ocrx_word' id='word_1_67' title='bbox 1082 1018 1387 1079; x_wconf 88' lang='lat' dir='ltr'><strong>stomacho</strong></span> <span class='ocrx_word' id='word_1_68' title='bbox 1442 1019 1674 1098; x_wconf 86' lang='lat' dir='ltr'><strong>plagam</strong></span> <span class='ocrx_word' id='word_1_69' title='bbox 1720 1018 1963 1100; x_wconf 83' lang='lat' dir='ltr'><strong>inserat,</strong></span> <span class='ocrx_word' id='word_1_70' title='bbox 2019 1016 2252 1080; x_wconf 87' lang='lat' dir='ltr'><strong>lumbos</strong></span> 
     </span>
     <span class='ocr_line' id='line_1_10' title="bbox 222 1106 2254 1187; baseline 0 -20"><span class='ocrx_word' id='word_1_71' title='bbox 222 1125 466 1187; x_wconf 89' lang='lat' dir='ltr'><strong>quoque</strong></span> <span class='ocrx_word' id='word_1_72' title='bbox 529 1125 823 1187; x_wconf 87' lang='lat' dir='ltr'><strong>renesque</strong></span> <span class='ocrx_word' id='word_1_73' title='bbox 881 1106 1166 1168; x_wconf 89' lang='lat' dir='ltr'><strong>dissolvat</strong></span> <span class='ocrx_word' id='word_1_74' title='bbox 1230 1115 1293 1168; x_wconf 89' lang='lat' dir='ltr'><strong>et</strong></span> <span class='ocrx_word' id='word_1_75' title='bbox 1348 1109 1593 1187; x_wconf 81' lang='lat' dir='ltr'><strong>incipiat</strong></span> <span class='ocrx_word' id='word_1_76' title='bbox 1646 1125 1823 1169; x_wconf 90' lang='lat' dir='ltr'><strong>umor</strong></span> <span class='ocrx_word' id='word_1_77' title='bbox 1876 1108 2089 1168; x_wconf 86' lang='lat' dir='ltr'><strong>noxius</strong></span> <span class='ocrx_word' id='word_1_78' title='bbox 2144 1125 2254 1186; x_wconf 91' lang='lat' dir='ltr'><strong>per</strong></span> 
     </span>
     <span class='ocr_line' id='line_1_11' title="bbox 140 1196 2254 1275; baseline 0 -20"><span class='ocrx_word' id='word_1_79' title='bbox 140 1213 193 1254; x_wconf 89' lang='lat'><strong>10</strong></span> <span class='ocrx_word' id='word_1_80' title='bbox 220 1198 469 1275; x_wconf 85' lang='lat' dir='ltr'><strong>inguina</strong></span> <span class='ocrx_word' id='word_1_81' title='bbox 526 1203 587 1256; x_wconf 88' lang='lat' dir='ltr'><strong>et</strong></span> <span class='ocrx_word' id='word_1_82' title='bbox 641 1214 819 1257; x_wconf 83' lang='lat' dir='ltr'><strong>coxas</strong></span> <span class='ocrx_word' id='word_1_83' title='bbox 865 1204 928 1257; x_wconf 88' lang='lat' dir='ltr'><strong>et</strong></span> <span class='ocrx_word' id='word_1_84' title='bbox 975 1214 1150 1257; x_wconf 87' lang='lat' dir='ltr'><strong>crura</strong></span> <span class='ocrx_word' id='word_1_85' title='bbox 1197 1196 1526 1257; x_wconf 86' lang='lat' dir='ltr'><strong>decurrens</strong></span> <span class='ocrx_word' id='word_1_86' title='bbox 1573 1196 1768 1258; x_wconf 78' lang='lat' dir='ltr'><strong>facere</strong></span> <span class='ocrx_word' id='word_1_87' title='bbox 1815 1197 2254 1257; x_wconf 87' lang='lat' dir='ltr'><strong>contractiones</strong></span> 
     </span>
     <span class='ocr_line' id='line_1_12' title="bbox 221 1284 2252 1366; baseline 0 -20"><span class='ocrx_word' id='word_1_88' title='bbox 221 1284 485 1346; x_wconf 87' lang='lat' dir='ltr'><strong>talorum</strong></span> <span class='ocrx_word' id='word_1_89' title='bbox 537 1292 716 1364; x_wconf 88' lang='lat' dir='ltr'><strong>atque</strong></span> <span class='ocrx_word' id='word_1_90' title='bbox 770 1303 1094 1346; x_wconf 88' lang='lat' dir='ltr'><strong>nervorum</strong></span> <span class='ocrx_word' id='word_1_91' title='bbox 1146 1285 1549 1366; x_wconf 78' lang='lat' dir='ltr'><strong>paulatimque</strong></span> <span class='ocrx_word' id='word_1_92' title='bbox 1604 1285 1832 1347; x_wconf 77' lang='lat' dir='ltr'><strong>auferat</strong></span> <span class='ocrx_word' id='word_1_93' title='bbox 1876 1302 2120 1364; x_wconf 81' lang='lat' dir='ltr'><strong>gressus</strong></span> <span class='ocrx_word' id='word_1_94' title='bbox 2166 1293 2252 1346; x_wconf 88' lang='lat' dir='ltr'><strong>to·</strong></span> 
     </span>
     <span class='ocr_line' id='line_1_13' title="bbox 219 1373 2252 1454; baseline -0.001 -19"><span class='ocrx_word' id='word_1_95' title='bbox 219 1382 408 1453; x_wconf 88' lang='lat' dir='ltr'><strong>toque</strong></span> <span class='ocrx_word' id='word_1_96' title='bbox 475 1391 694 1452; x_wconf 89' lang='lat' dir='ltr'><strong>organo</strong></span> <span class='ocrx_word' id='word_1_97' title='bbox 759 1373 1102 1436; x_wconf 85' lang='lat' dir='ltr'><strong>tabescente</strong></span> <span class='ocrx_word' id='word_1_98' title='bbox 1176 1374 1495 1436; x_wconf 83' lang='lat' dir='ltr'><strong>videamini</strong></span> <span class='ocrx_word' id='word_1_99' title='bbox 1553 1376 1754 1453; x_wconf 89' lang='lat' dir='ltr'><strong>potius</strong></span> <span class='ocrx_word' id='word_1_100' title='bbox 1809 1375 2252 1454; x_wconf 84' lang='lat' dir='ltr'><strong>consumpsisse</strong></span> 
     </span>
     <span class='ocr_line' id='line_1_14' title="bbox 220 1462 2252 1546; baseline -0 -22"><span class='ocrx_word' id='word_1_101' title='bbox 220 1463 526 1524; x_wconf 89' lang='lat' dir='ltr'><strong>bominem</strong></span> <span class='ocrx_word' id='word_1_102' title='bbox 572 1481 750 1542; x_wconf 90' lang='lat' dir='ltr'><strong>quam</strong></span> <span class='ocrx_word' id='word_1_103' title='bbox 796 1481 1058 1546; x_wconf 84' lang='lat' dir='ltr'><strong>curasse,</strong></span> <span class='ocrx_word' id='word_1_104' title='bbox 1104 1481 1241 1524; x_wconf 91' lang='lat' dir='ltr'><strong>cum</strong></span> <span class='ocrx_word' id='word_1_105' title='bbox 1281 1481 1422 1524; x_wconf 86' lang='lat' dir='ltr'><strong>vere</strong></span> <span class='ocrx_word' id='word_1_106' title='bbox 1461 1462 1714 1525; x_wconf 85' lang='lat' dir='ltr'><strong>violenta</strong></span> <span class='ocrx_word' id='word_1_107' title='bbox 1753 1470 1945 1524; x_wconf 90' lang='lat' dir='ltr'><strong>morte</strong></span> <span class='ocrx_word' id='word_1_108' title='bbox 1981 1463 2252 1524; x_wconf 82' lang='lat' dir='ltr'><strong>videatur</strong></span> 
     </span>
     <span class='ocr_line' id='line_1_15' title="bbox 223 1551 2248 1632; baseline -0.001 -19"><span class='ocrx_word' id='word_1_109' title='bbox 223 1552 296 1614; x_wconf 91' lang='lat' dir='ltr'><strong>de</strong></span> <span class='ocrx_word' id='word_1_110' title='bbox 354 1552 465 1613; x_wconf 92' lang='lat' dir='ltr'><strong>hac</strong></span> <span class='ocrx_word' id='word_1_111' title='bbox 522 1551 654 1613; x_wconf 89' lang='lat' dir='ltr'><strong>luce</strong></span> <span class='ocrx_word' id='word_1_112' title='bbox 710 1554 984 1632; x_wconf 87' lang='lat' dir='ltr'><strong>migrare.</strong></span> <span class='ocrx_word' id='word_1_113' title='bbox 1077 1552 1224 1614; x_wconf 91' lang='lat' dir='ltr'><strong>Nam</strong></span> <span class='ocrx_word' id='word_1_114' title='bbox 1282 1554 1335 1613; x_wconf 91' lang='lat' dir='ltr'><strong>si</strong></span> <span class='ocrx_word' id='word_1_115' title='bbox 1380 1570 1661 1631; x_wconf 86' lang='lat' dir='ltr'><strong>ceparum</strong></span> <span class='ocrx_word' id='word_1_116' title='bbox 1710 1551 1980 1613; x_wconf 87' lang='lat' dir='ltr'><strong>acritudo</strong></span> <span class='ocrx_word' id='word_1_117' title='bbox 2026 1551 2248 1631; x_wconf 90' lang='lat' dir='ltr'><strong>aliquo·</strong></span> 
     </span>
     <span class='ocr_line' id='line_1_16' title="bbox 141 1639 2252 1703; baseline 0 -4"><span class='ocrx_word' id='word_1_118' title='bbox 141 1658 195 1700; x_wconf 70' lang='grc' dir='ltr'><strong>ιε</strong></span> <span class='ocrx_word' id='word_1_119' title='bbox 222 1644 383 1703; x_wconf 84' lang='lat' dir='ltr'><strong>tiens</strong></span> <span class='ocrx_word' id='word_1_120' title='bbox 422 1640 594 1702; x_wconf 91' lang='lat' dir='ltr'><strong>nobis</strong></span> <span class='ocrx_word' id='word_1_121' title='bbox 633 1659 755 1703; x_wconf 93' lang='lat' dir='ltr'><strong>non</strong></span> <span class='ocrx_word' id='word_1_122' title='bbox 783 1640 1278 1702; x_wconf 87' lang='lat' dir='ltr'><strong>manducantibus</strong></span> <span class='ocrx_word' id='word_1_123' title='bbox 1312 1642 1534 1702; x_wconf 87' lang='lat' dir='ltr'><strong>nostris</strong></span> <span class='ocrx_word' id='word_1_124' title='bbox 1564 1647 1760 1701; x_wconf 87' lang='lat' dir='ltr'><strong>tamen</strong></span> <span class='ocrx_word' id='word_1_125' title='bbox 1789 1639 1978 1702; x_wconf 89' lang='lat' dir='ltr'><strong>oculis</strong></span> <span class='ocrx_word' id='word_1_126' title='bbox 2007 1639 2252 1700; x_wconf 88' lang='lat' dir='ltr'><strong>molesta</strong></span> 
     </span>
     <span class='ocr_line' id='line_1_17' title="bbox 223 1727 2252 1813; baseline -0.001 -22"><span class='ocrx_word' id='word_1_127' title='bbox 223 1738 343 1813; x_wconf 90' lang='lat' dir='ltr'><strong>est,</strong></span> <span class='ocrx_word' id='word_1_128' title='bbox 401 1739 502 1791; x_wconf 90' lang='lat' dir='ltr'><strong>aut</strong></span> <span class='ocrx_word' id='word_1_129' title='bbox 557 1731 790 1812; x_wconf 89' lang='lat' dir='ltr'><strong>senapi,</strong></span> <span class='ocrx_word' id='word_1_130' title='bbox 845 1730 947 1791; x_wconf 89' lang='lat' dir='ltr'><strong>ubi</strong></span> <span class='ocrx_word' id='word_1_131' title='bbox 1003 1738 1062 1791; x_wconf 91' lang='lat' dir='ltr'><strong>et</strong></span> <span class='ocrx_word' id='word_1_132' title='bbox 1117 1729 1235 1791; x_wconf 90' lang='lat' dir='ltr'><strong>mel</strong></span> <span class='ocrx_word' id='word_1_133' title='bbox 1290 1731 1573 1810; x_wconf 78' lang='lat' dir='ltr'><strong>mittitur,</strong></span> <span class='ocrx_word' id='word_1_134' title='bbox 1627 1727 1803 1789; x_wconf 89' lang='lat' dir='ltr'><strong>leniri</strong></span> <span class='ocrx_word' id='word_1_135' title='bbox 1848 1730 2087 1808; x_wconf 89' lang='lat' dir='ltr'><strong>penitus</strong></span> <span class='ocrx_word' id='word_1_136' title='bbox 2134 1745 2252 1788; x_wconf 91' lang='lat' dir='ltr'><strong>non</strong></span> 
     </span>
     <span class='ocr_line' id='line_1_18' title="bbox 220 1815 2252 1900; baseline -0.002 -20"><span class='ocrx_word' id='word_1_137' title='bbox 220 1827 447 1900; x_wconf 87' lang='lat' dir='ltr'><strong>potest,</strong></span> <span class='ocrx_word' id='word_1_138' title='bbox 505 1819 611 1879; x_wconf 91' lang='lat' dir='ltr'><strong>sed</strong></span> <span class='ocrx_word' id='word_1_139' title='bbox 663 1818 858 1879; x_wconf 88' lang='lat' dir='ltr'><strong>calore</strong></span> <span class='ocrx_word' id='word_1_140' title='bbox 906 1821 1036 1880; x_wconf 89' lang='lat' dir='ltr'><strong>eius</strong></span> <span class='ocrx_word' id='word_1_141' title='bbox 1084 1826 1444 1879; x_wconf 87' lang='lat' dir='ltr'><strong>commotum</strong></span> <span class='ocrx_word' id='word_1_142' title='bbox 1494 1816 1811 1878; x_wconf 89' lang='lat' dir='ltr'><strong>cerebrum</strong></span> <span class='ocrx_word' id='word_1_143' title='bbox 1855 1820 1939 1878; x_wconf 88' lang='lat' dir='ltr'><strong>ita</strong></span> <span class='ocrx_word' id='word_1_144' title='bbox 1985 1815 2252 1897; x_wconf 87' lang='lat' dir='ltr'><strong>desudat,</strong></span> 
     </span>
     <span class='ocr_line' id='line_1_19' title="bbox 221 1904 2253 1986; baseline -0.002 -17"><span class='ocrx_word' id='word_1_145' title='bbox 221 1916 291 1969; x_wconf 90' lang='lat' dir='ltr'><strong>ut</strong></span> <span class='ocrx_word' id='word_1_146' title='bbox 338 1907 543 1969; x_wconf 91' lang='lat' dir='ltr'><strong>oculos</strong></span> <span class='ocrx_word' id='word_1_147' title='bbox 592 1915 652 1968; x_wconf 90' lang='lat' dir='ltr'><strong>et</strong></span> <span class='ocrx_word' id='word_1_148' title='bbox 696 1926 872 1969; x_wconf 90' lang='lat' dir='ltr'><strong>nares</strong></span> <span class='ocrx_word' id='word_1_149' title='bbox 919 1926 1057 1969; x_wconf 90' lang='lat' dir='ltr'><strong>acer</strong></span> <span class='ocrx_word' id='word_1_150' title='bbox 1104 1926 1276 1969; x_wconf 92' lang='lat' dir='ltr'><strong>umor</strong></span> <span class='ocrx_word' id='word_1_151' title='bbox 1328 1907 1594 1986; x_wconf 82' lang='lat' dir='ltr'><strong>infestet,</strong></span> <span class='ocrx_word' id='word_1_152' title='bbox 1652 1905 1794 1986; x_wconf 92' lang='lat' dir='ltr'><strong>quid</strong></span> <span class='ocrx_word' id='word_1_153' title='bbox 1842 1912 2119 1986; x_wconf 90' lang='lat' dir='ltr'><strong>putamus</strong></span> <span class='ocrx_word' id='word_1_154' title='bbox 2166 1904 2253 1965; x_wconf 92' lang='lat' dir='ltr'><strong>illi</strong></span> 
     </span>
     <span class='ocr_line' id='line_1_20' title="bbox 221 1993 2251 2077; baseline -0.002 -18"><span class='ocrx_word' id='word_1_155' title='bbox 221 1999 551 2077; x_wconf 87' lang='lat' dir='ltr'><strong>patiuntur,</strong></span> <span class='ocrx_word' id='word_1_156' title='bbox 600 1996 818 2076; x_wconf 90' lang='lat' dir='ltr'><strong>quibus</strong></span> <span class='ocrx_word' id='word_1_157' title='bbox 864 2000 1024 2059; x_wconf 89' lang='lat' dir='ltr'><strong>circa</strong></span> <span class='ocrx_word' id='word_1_158' title='bbox 1071 1995 1276 2058; x_wconf 90' lang='lat' dir='ltr'><strong>oculos</strong></span> <span class='ocrx_word' id='word_1_159' title='bbox 1324 2014 1468 2058; x_wconf 92' lang='lat' dir='ltr'><strong>cura</strong></span> <span class='ocrx_word' id='word_1_160' title='bbox 1515 2013 1727 2057; x_wconf 88' lang='lat' dir='ltr'><strong>rursus</strong></span> <span class='ocrx_word' id='word_1_161' title='bbox 1774 2002 1877 2056; x_wconf 90' lang='lat' dir='ltr'><strong>aut</strong></span> <span class='ocrx_word' id='word_1_162' title='bbox 1921 1996 2045 2074; x_wconf 90' lang='lat' dir='ltr'><strong>igni</strong></span> <span class='ocrx_word' id='word_1_163' title='bbox 2091 1993 2251 2055; x_wconf 88' lang='lat' dir='ltr'><strong>adhi-</strong></span> 
     </span>
     <span class='ocr_line' id='line_1_21' title="bbox 139 2083 2250 2167; baseline 0 -23"><span class='ocrx_word' id='word_1_164' title='bbox 139 2103 194 2144; x_wconf 74' lang='lat'><strong>20</strong></span> <span class='ocrx_word' id='word_1_165' title='bbox 221 2087 402 2149; x_wconf 88' lang='lat' dir='ltr'><strong>betur</strong></span> <span class='ocrx_word' id='word_1_166' title='bbox 448 2095 552 2147; x_wconf 85' lang='lat' dir='ltr'><strong>aut</strong></span> <span class='ocrx_word' id='word_1_167' title='bbox 597 2083 806 2148; x_wconf 76' lang='lat' dir='ltr'><strong>ferro?</strong></span> <span class='ocrx_word' id='word_1_168' title='bbox 890 2085 1115 2165; x_wconf 91' lang='lat' dir='ltr'><strong>Quare,</strong></span> <span class='ocrx_word' id='word_1_169' title='bbox 1161 2088 1511 2167; x_wconf 88' lang='lat' dir='ltr'><strong>imperator,</strong></span> <span class='ocrx_word' id='word_1_170' title='bbox 1557 2085 1735 2146; x_wconf 87' lang='lat' dir='ltr'><strong>fidem</strong></span> <span class='ocrx_word' id='word_1_171' title='bbox 1781 2086 2005 2145; x_wconf 88' lang='lat' dir='ltr'><strong>nostris</strong></span> <span class='ocrx_word' id='word_1_172' title='bbox 2051 2092 2250 2145; x_wconf 87' lang='lat' dir='ltr'><strong>aucto-</strong></span> 
     </span>
     <span class='ocr_line' id='line_1_22' title="bbox 220 2173 2252 2255; baseline -0.001 -19"><span class='ocrx_word' id='word_1_173' title='bbox 220 2175 392 2236; x_wconf 88' lang='lat' dir='ltr'><strong>ribus</strong></span> <span class='ocrx_word' id='word_1_174' title='bbox 449 2174 800 2237; x_wconf 88' lang='lat' dir='ltr'><strong>adhibentes</strong></span> <span class='ocrx_word' id='word_1_175' title='bbox 860 2194 984 2236; x_wconf 90' lang='lat' dir='ltr'><strong>non</strong></span> <span class='ocrx_word' id='word_1_176' title='bbox 1038 2174 1354 2236; x_wconf 90' lang='lat' dir='ltr'><strong>credamus</strong></span> <span class='ocrx_word' id='word_1_177' title='bbox 1412 2173 1891 2255; x_wconf 88' lang='lat' dir='ltr'><strong>quibuscumque</strong></span> <span class='ocrx_word' id='word_1_178' title='bbox 1938 2173 2252 2234; x_wconf 89' lang='lat' dir='ltr'><strong>medicinis</strong></span> 
     </span>
     <span class='ocr_line' id='line_1_23' title="bbox 221 2262 2251 2346; baseline -0.002 -20"><span class='ocrx_word' id='word_1_179' title='bbox 221 2283 333 2326; x_wconf 94' lang='lat' dir='ltr'><strong>nec</strong></span> <span class='ocrx_word' id='word_1_180' title='bbox 372 2263 608 2324; x_wconf 87' lang='lat' dir='ltr'><strong>vulneri</strong></span> <span class='ocrx_word' id='word_1_181' title='bbox 643 2263 859 2325; x_wconf 84' lang='lat' dir='ltr'><strong>vulnus</strong></span> <span class='ocrx_word' id='word_1_182' title='bbox 897 2263 1422 2344; x_wconf 89' lang='lat' dir='ltr'><strong>superponendum</strong></span> <span class='ocrx_word' id='word_1_183' title='bbox 1459 2272 1757 2346; x_wconf 89' lang='lat' dir='ltr'><strong>putemus,</strong></span> <span class='ocrx_word' id='word_1_184' title='bbox 1796 2262 1900 2324; x_wconf 91' lang='lat' dir='ltr'><strong>sed</strong></span> <span class='ocrx_word' id='word_1_185' title='bbox 1937 2264 2019 2323; x_wconf 89' lang='lat' dir='ltr'><strong>ita</strong></span> <span class='ocrx_word' id='word_1_186' title='bbox 2057 2264 2251 2341; x_wconf 86' lang='lat' dir='ltr'><strong>aegris</strong></span> 
     </span>
     <span class='ocr_line' id='line_1_24' title="bbox 220 2350 2251 2434; baseline -0.002 -19"><span class='ocrx_word' id='word_1_187' title='bbox 220 2353 554 2415; x_wconf 89' lang='lat' dir='ltr'><strong>remedium</strong></span> <span class='ocrx_word' id='word_1_188' title='bbox 602 2353 1029 2432; x_wconf 88' lang='lat' dir='ltr'><strong>porrigendum</strong></span> <span class='ocrx_word' id='word_1_189' title='bbox 1077 2371 1207 2413; x_wconf 91' lang='lat' dir='ltr'><strong>esse</strong></span> <span class='ocrx_word' id='word_1_190' title='bbox 1255 2352 1587 2434; x_wconf 76' lang='lat' dir='ltr'><strong>credamuS,</strong></span> <span class='ocrx_word' id='word_1_191' title='bbox 1632 2360 1701 2413; x_wconf 86' lang='lat' dir='ltr'><strong>ut</strong></span> <span class='ocrx_word' id='word_1_192' title='bbox 1742 2369 1935 2431; x_wconf 89' lang='lat' dir='ltr'><strong>neque</strong></span> <span class='ocrx_word' id='word_1_193' title='bbox 1972 2350 2251 2430; x_wconf 87' lang='lat' dir='ltr'><strong>gravibus</strong></span> 
     </span>
     <span class='ocr_line' id='line_1_25' title="bbox 221 2440 2250 2521; baseline -0.002 -18"><span class='ocrx_word' id='word_1_194' title='bbox 221 2444 539 2504; x_wconf 88' lang='lat' dir='ltr'><strong>tormentis</strong></span> <span class='ocrx_word' id='word_1_195' title='bbox 593 2460 789 2521; x_wconf 91' lang='lat' dir='ltr'><strong>neque</strong></span> <span class='ocrx_word' id='word_1_196' title='bbox 845 2440 1207 2503; x_wconf 89' lang='lat' dir='ltr'><strong>intolerabili</strong></span> <span class='ocrx_word' id='word_1_197' title='bbox 1252 2441 1581 2503; x_wconf 89' lang='lat' dir='ltr'><strong>medicinae</strong></span> <span class='ocrx_word' id='word_1_198' title='bbox 1629 2443 1936 2502; x_wconf 86' lang='lat' dir='ltr'><strong>curatione</strong></span> <span class='ocrx_word' id='word_1_199' title='bbox 1981 2441 2250 2501; x_wconf 91' lang='lat' dir='ltr'><strong>crucien-</strong></span> 
     </span>
     <span class='ocr_line' id='line_1_26' title="bbox 139 2529 2250 2610; baseline -0 -22"><span class='ocrx_word' id='word_1_200' title='bbox 139 2546 194 2588; x_wconf 77' lang='lat'><strong>25</strong></span> <span class='ocrx_word' id='word_1_201' title='bbox 220 2540 339 2593; x_wconf 90' lang='lat' dir='ltr'><strong>tur.</strong></span> <span class='ocrx_word' id='word_1_202' title='bbox 435 2530 614 2592; x_wconf 87' lang='lat' dir='ltr'><strong>Plura</strong></span> <span class='ocrx_word' id='word_1_203' title='bbox 670 2549 811 2610; x_wconf 90' lang='lat' dir='ltr'><strong>ergo</strong></span> <span class='ocrx_word' id='word_1_204' title='bbox 868 2531 941 2592; x_wconf 93' lang='lat' dir='ltr'><strong>de</strong></span> <span class='ocrx_word' id='word_1_205' title='bbox 999 2529 1411 2591; x_wconf 84' lang='lat' dir='ltr'><strong>observatione</strong></span> <span class='ocrx_word' id='word_1_206' title='bbox 1467 2529 1796 2591; x_wconf 88' lang='lat' dir='ltr'><strong>medicinae</strong></span> <span class='ocrx_word' id='word_1_207' title='bbox 1852 2530 2059 2610; x_wconf 88' lang='lat' dir='ltr'><strong>pietati</strong></span> <span class='ocrx_word' id='word_1_208' title='bbox 2114 2535 2250 2588; x_wconf 87' lang='lat' dir='ltr'><strong>tuae</strong></span> 
     </span>
     <span class='ocr_line' id='line_1_27' title="bbox 220 2617 2251 2700; baseline -0.002 -19"><span class='ocrx_word' id='word_1_209' title='bbox 220 2640 289 2682; x_wconf 91' lang='lat' dir='ltr'><strong>ac</strong></span> <span class='ocrx_word' id='word_1_210' title='bbox 329 2622 587 2700; x_wconf 85' lang='lat' dir='ltr'><strong>posteris</strong></span> <span class='ocrx_word' id='word_1_211' title='bbox 636 2621 755 2680; x_wconf 88' lang='lat' dir='ltr'><strong>tuis</strong></span> <span class='ocrx_word' id='word_1_212' title='bbox 793 2620 967 2699; x_wconf 89' lang='lat' dir='ltr'><strong>digna</strong></span> <span class='ocrx_word' id='word_1_213' title='bbox 1006 2621 1294 2680; x_wconf 89' lang='lat' dir='ltr'><strong>memoria</strong></span> <span class='ocrx_word' id='word_1_214' title='bbox 1324 2618 1564 2700; x_wconf 83' lang='lat' dir='ltr'><strong>tradidi,</strong></span> <span class='ocrx_word' id='word_1_215' title='bbox 1603 2637 1754 2698; x_wconf 90' lang='lat' dir='ltr'><strong>quae</strong></span> <span class='ocrx_word' id='word_1_216' title='bbox 1791 2618 2062 2679; x_wconf 91' lang='lat' dir='ltr'><strong>homines</strong></span> <span class='ocrx_word' id='word_1_217' title='bbox 2091 2617 2251 2678; x_wconf 89' lang='lat' dir='ltr'><strong>docti</strong></span> 
     </span>
     <span class='ocr_line' id='line_1_28' title="bbox 220 2707 2251 2789; baseline -0.002 -19"><span class='ocrx_word' id='word_1_218' title='bbox 220 2709 295 2770; x_wconf 92' lang='lat' dir='ltr'><strong>de</strong></span> <span class='ocrx_word' id='word_1_219' title='bbox 335 2711 599 2789; x_wconf 86' lang='lat' dir='ltr'><strong>expertis</strong></span> <span class='ocrx_word' id='word_1_220' title='bbox 636 2708 918 2770; x_wconf 90' lang='lat' dir='ltr'><strong>remediis</strong></span> <span class='ocrx_word' id='word_1_221' title='bbox 954 2708 1364 2788; x_wconf 87' lang='lat' dir='ltr'><strong>prodiderunt,</strong></span> <span class='ocrx_word' id='word_1_222' title='bbox 1404 2725 1554 2786; x_wconf 91' lang='lat' dir='ltr'><strong>quae</strong></span> <span class='ocrx_word' id='word_1_223' title='bbox 1592 2715 1691 2768; x_wconf 91' lang='lat' dir='ltr'><strong>tua</strong></span> <span class='ocrx_word' id='word_1_224' title='bbox 1731 2707 1928 2768; x_wconf 89' lang='lat' dir='ltr'><strong>divina</strong></span> <span class='ocrx_word' id='word_1_225' title='bbox 1962 2708 2251 2767; x_wconf 87' lang='lat' dir='ltr'><strong>serenitas</strong></span> 
     </span>
     <span class='ocr_line' id='line_1_29' title="bbox 221 2796 1913 2877; baseline -0.002 -18"><span class='ocrx_word' id='word_1_226' title='bbox 221 2816 329 2859; x_wconf 91' lang='lat' dir='ltr'><strong>oro</strong></span> <span class='ocrx_word' id='word_1_227' title='bbox 377 2800 668 2877; x_wconf 89' lang='lat' dir='ltr'><strong>suscipiat</strong></span> <span class='ocrx_word' id='word_1_228' title='bbox 714 2805 774 2858; x_wconf 87' lang='lat' dir='ltr'><strong>et</strong></span> <span class='ocrx_word' id='word_1_229' title='bbox 821 2797 892 2858; x_wconf 93' lang='lat' dir='ltr'><strong>ad</strong></span> <span class='ocrx_word' id='word_1_230' title='bbox 941 2798 1284 2857; x_wconf 90' lang='lat' dir='ltr'><strong>memoriam</strong></span> <span class='ocrx_word' id='word_1_231' title='bbox 1334 2797 1552 2858; x_wconf 89' lang='lat' dir='ltr'><strong>ceteris</strong></span> <span class='ocrx_word' id='word_1_232' title='bbox 1598 2796 1913 2876; x_wconf 89' lang='lat' dir='ltr'><strong>relinquat.</strong></span> 
     </span>
    </p>
   </div>
   <div class='ocr_carea' id='block_1_3' title="bbox 218 2964 2252 3112">
    <p class='ocr_par' dir='ltr' id='par_1_3' title="bbox 218 2964 2252 3112">
     <span class='ocr_line' id='line_1_30' title="bbox 365 2964 2252 3037; baseline -0.004 -11"><span class='ocrx_word' id='word_1_233' title='bbox 365 2978 396 3026; x_wconf 88' lang='grc'>6</span> <span class='ocrx_word' id='word_1_234' title='bbox 434 2967 779 3026; x_wconf 84' lang='lat' dir='ltr'><strong>destillantis</strong></span> <span class='ocrx_word' id='word_1_235' title='bbox 819 2973 919 3023; x_wconf 74' lang='lat' dir='ltr'><strong>lm</strong></span> <span class='ocrx_word' id='word_1_236' title='bbox 955 2967 1285 3023; x_wconf 80' lang='lat' dir='ltr'><strong>distillantis</strong></span> <span class='ocrx_word' id='word_1_237' title='bbox 1320 2971 1437 3024; x_wconf 79' lang='lat' dir='ltr'><strong>2m.</strong></span> <span class='ocrx_word' id='word_1_238' title='bbox 1607 2973 1636 3021; x_wconf 78' lang='lat'><strong>&#39;7</strong></span> <span class='ocrx_word' id='word_1_239' title='bbox 1673 2967 1858 3037; x_wconf 61' lang='lat' dir='ltr'><strong>ipsam,</strong></span> <span class='ocrx_word' id='word_1_240' title='bbox 1894 2964 2159 3021; x_wconf 80' lang='lat' dir='ltr'><strong>nissicsm</strong></span> <span class='ocrx_word' id='word_1_241' title='bbox 2195 2966 2252 3020; x_wconf 88' lang='lat' dir='ltr'><strong>h.</strong></span> 
     </span>
     <span class='ocr_line' id='line_1_31' title="bbox 218 3035 2252 3112; baseline -0.003 -15"><span class='ocrx_word' id='word_1_242' title='bbox 218 3040 562 3112; x_wconf 76' lang='lat' dir='ltr'><strong>corruptam.</strong></span> <span class='ocrx_word' id='word_1_243' title='bbox 721 3046 787 3094; x_wconf 86' lang='grc'><strong>16</strong></span> <span class='ocrx_word' id='word_1_244' title='bbox 822 3038 1091 3112; x_wconf 76' lang='lat' dir='ltr'><strong>mittitur]</strong></span> <span class='ocrx_word' id='word_1_245' title='bbox 1130 3038 1399 3094; x_wconf 81' lang='lat' dir='ltr'><strong>miscetur</strong></span> <span class='ocrx_word' id='word_1_246' title='bbox 1437 3037 1755 3094; x_wconf 71' lang='lat' dir='ltr'><strong>Carnarius,</strong></span> <span class='ocrx_word' id='word_1_247' title='bbox 1913 3044 1979 3092; x_wconf 86' lang='lat'><strong>19</strong></span> <span class='ocrx_word' id='word_1_248' title='bbox 2016 3035 2252 3092; x_wconf 80' lang='lat' dir='ltr'><strong>adbibe-</strong></span> 
     </span>
    </p>
   </div>
   <div class='ocr_carea' id='block_1_4' title="bbox 215 3116 451 3169">
    <p class='ocr_par' dir='ltr' id='par_1_4' title="bbox 215 3116 451 3169">
     <span class='ocr_line' id='line_1_32' title="bbox 215 3116 451 3169; baseline 0 0"><span class='ocrx_word' id='word_1_249' title='bbox 215 3116 308 3169; x_wconf 82' lang='lat' dir='ltr'><strong>tur</strong></span> <span class='ocrx_word' id='word_1_250' title='bbox 348 3130 451 3169; x_wconf 88' lang='lat' dir='ltr'><strong>om.</strong></span> 
     </span>
    </p>
   </div>
   <div class='ocr_carea' id='block_1_5' title="bbox 2292 1565 2360 1615">
    <p class='ocr_par' dir='ltr' id='par_1_5' title="bbox 2292 1565 2360 1615">
     <span class='ocr_line' id='line_1_33' title="bbox 2292 1565 2360 1615; baseline 0.015 -1"><span class='ocrx_word' id='word_1_251' title='bbox 2292 1565 2360 1615; x_wconf 90' lang='grc'><strong>10</strong></span> 
     </span>
    </p>
   </div>
  </div>
 </body>
</html>
