2575 4092
947 239 1427 305 ...143-

205 397 584 461 terebinthina
611 421 867 483 ceraque
887 403 1131 463 decocta
1158 401 1485 482 plurimum
1510 409 1687 482 atque
1706 403 2011 483 emplastri
2032 403 2207 464 modo

199 486 445 566 adposita
491 500 703 553 sanant
750 490 990 552 tosillas.
1064 490 1129 551 Si
1175 490 1348 570 adipe
1394 490 1629 551 leonina
1676 491 1907 552 tosillas
1950 493 2204 553 interius
2246 505 2312 554 16

196 586 617 660 perungantur,
680 580 890 641 eodem
944 579 1041 639 die
1097 578 1483 641 sanabuntur.
1573 578 1692 641 Lac
1747 583 2057 658 caprinum
2114 580 2206 641 vel
2249 594 2311 644 ιτ

195 662 469 727 bubulum
514 670 611 729 vel
656 669 899 730 ovillum
943 685 1157 729 recens
1201 667 1462 729 mulsum
1508 668 1651 729 dum
1697 668 1850 730 calet
1893 668 1988 730 vel
2028 671 2205 730 etiam

150 769 173 810 s
195 752 529 817 calefactum
567 760 1000 837 gargarizatum
1035 755 1369 818 tosillarum
1407 756 1644 818 dolores
1689 765 1750 819 et
1786 765 2053 819 tumores
2085 760 2205 820 cito

193 840 361 902 sedat.
431 843 718 925 Plantago
765 846 858 907 vel
903 848 1034 907 eius
1079 845 1248 907 radix
1286 845 1738 924 diligentissime
1777 849 2031 908 contrita
2070 865 2206 908 cum
2248 859 2315 909 18

193 935 426 1009 axungia
463 942 671 996 vetere
707 937 961 1015 inposita
998 937 1061 995 in
1096 952 1295 1014 panno
1333 935 1426 995 vel
1465 935 1647 996 linteo
1683 935 1930 1014 prodest
1957 937 2206 1014 anginae

191 1017 272 1077 vel
314 1021 550 1086 tosillis.
630 1023 984 1103 Cyclaminis
1029 1041 1240 1085 sucum
1288 1031 1350 1085 et
1393 1023 1510 1084 mel
1547 1023 1794 1103 Lycium
1829 1025 2037 1104 aequis
2073 1042 2206 1104 por·
2248 1036 2313 1086 19

191 1106 439 1170 tionibus
495 1113 782 1173 miscebis
837 1120 898 1174 et
954 1130 1024 1173 eo
1078 1114 1525 1192 gargarismatio
1581 1113 1654 1174 ad
1701 1114 1897 1174 omnia
1946 1112 2206 1174 saucium

125 1212 168 1251 10
189 1195 317 1257 vitia
368 1207 653 1278 potenter
707 1203 915 1263 uteris.
1005 1200 1360 1263 Pulticulam
1406 1220 1478 1263 ex
1525 1200 1672 1263 alica
1720 1202 1929 1282 facies,
1979 1204 2043 1263 in
2089 1221 2205 1282 qua
2244 1213 2316 1263 2ο

190 1288 366 1362 capita
412 1307 738 1367 porrorum
783 1302 1032 1351 contusa
1079 1292 1280 1351 mittes
1327 1298 1389 1351 et
1434 1290 1611 1352 simul
1657 1290 1957 1371 decoques
2002 1298 2063 1352 et
2104 1292 2205 1352 de·

188 1371 313 1433 inde
350 1377 578 1440 celabis
617 1387 678 1440 et
714 1378 1041 1440 sorbitione
1080 1396 1147 1439 ea
1185 1389 1395 1441 contra
1424 1379 1681 1441 saucium
1711 1380 2032 1461 molestias,
2068 1399 2205 1441 cum

189 1460 452 1548 volueris,
508 1469 720 1528 uteriS.
814 1467 880 1528 Si
934 1469 1069 1548 quis
1123 1467 1362 1546 grillum
1416 1485 1592 1529 manu
1639 1470 1990 1529 contriverit
2026 1477 2088 1530 et
2131 1470 2204 1530 ad
2242 1479 2310 1528 21

191 1551 430 1615 tossillas
477 1556 575 1617 vel
622 1573 760 1617 suas
806 1555 897 1617 vel
942 1556 1189 1618 alterius
1235 1564 1448 1618 tenens
1492 1564 1586 1617 ter
1627 1556 1998 1636 adplicuerit,
2044 1564 2207 1618 tactu

122 1652 166 1693 1⁵
189 1636 279 1698 illo
332 1649 633 1707 tumorem
687 1644 935 1706 sanabit.
1025 1644 1295 1707 Tossillis
1354 1663 1532 1706 renes
1584 1644 1874 1707 vulturini
1929 1644 2081 1706 aridi
2143 1648 2206 1706 in
2244 1656 2313 1705 22

186 1727 347 1790 melle
393 1736 530 1795 triti
576 1732 669 1794 vel
713 1734 946 1795 decocti
989 1736 1210 1796 mirum
1256 1735 1590 1795 remedium
1635 1740 1958 1814 praestant,
2005 1736 2058 1794 si
2094 1751 2204 1812 pro

189 1819 498 1896 emplastro
546 1822 935 1901 adponantur.

352 1909 547 1992 Cepae
586 1910 796 1989 longae
833 1911 1199 1973 conditoriae
1236 1929 1382 1973 suco
1419 1910 1651 1972 adiecto
1697 1909 1871 1972 melle
1908 1912 2204 1988 permixto
2242 1921 2313 1970 23

187 1992 462 2062 interiora
511 2000 771 2060 faucium
815 2008 1277 2083 pertractantur,
1325 2019 1445 2080 quo
1493 2000 1645 2061 facto
1689 2001 1901 2078 angina
1938 1997 2206 2060 laboran-

121 2093 166 2135 ΞΟ
188 2087 298 2146 tem
344 2106 374 2148 a
421 2089 694 2169 periculo
740 2089 1021 2151 liberabis
1031 2137 1049 2170 ,
1096 2092 1293 2151 resina
1342 2108 1579 2169 quoque
1626 2088 1718 2149 vel
1762 2089 1994 2168 liquore
2040 2089 2208 2150 cedri

187 2171 406 2238 arboris
455 2181 670 2256 angina
715 2178 963 2239 adsidue
1008 2189 1294 2259 peruncta
1333 2186 1592 2240 sanatur.
1664 2177 1889 2257 Myrtae
1928 2176 2204 2240 foliorum
2242 2188 2306 2237 24

188 2275 358 2325 sucus
386 2270 788 2348 gargarizatus
827 2267 918 2328 vel
956 2270 1134 2328 etiam
1174 2271 1560 2329 transmissus
1596 2269 1842 2345 anginae
1881 2266 2203 2346 plurimum

187 2353 441 2425 prodest.
514 2355 769 2435 Myrram
817 2359 1132 2419 contritam
1182 2376 1254 2417 ex
1299 2375 1450 2436 aqua
1489 2356 1686 2435 tepida
1723 2363 2065 2434 constanter
2103 2357 2201 2417 ab·
2241 2365 2311 2415 25

189 2440 536 2505 sorbendam
582 2444 717 2505 dato
772 2447 856 2525 ei,
911 2447 1015 2524 qui
1062 2447 1309 2525 anginae
1356 2446 1622 2525 periculo
1684 2443 1937 2505 laborat:
2003 2447 2201 2506 statim

119 2539 164 2579 2⁵
188 2542 314 2590 eum
357 2533 661 2594 liberabis,
734 2533 1135 2610 Hirundinum
1182 2533 1628 2595 combustarum
1666 2535 1817 2593 cinis
1854 2550 1991 2594 cum
2029 2532 2203 2594 melle
2241 2542 2310 2591 26

187 2614 369 2682 Attico
419 2625 639 2683 mixtus
684 2622 1076 2702 faucibusque
1124 2623 1352 2684 inditus
1398 2623 1778 2700 et‘anginam
1820 2623 2108 2701 reprimet
2144 2630 2203 2684 et

187 2704 398 2790 ulcera,
436 2712 489 2771 si
526 2729 642 2790 qua
670 2713 906 2772 arteriis
935 2712 1197 2791 inerunt,
1226 2719 1500 2772 contacta
1529 2710 1807 2790 purgabit
1835 2711 2202 2791 sanabitque.

189 2789 504 2860 Taurinum
553 2798 631 2859 fel
676 2799 850 2860 melle
888 2802 1248 2879 permixtum
1286 2809 1349 2861 et
1385 2801 1759 2861 extrinsecus
1798 2798 2068 2860 faucibus
2105 2799 2201 2860 ad·
2241 2808 2309 2859 27

188 2888 441 2958 positum
477 2887 568 2948 vel
605 2907 713 2967 pro
744 2891 1006 2967 unguine
1044 2888 1357 2949 inductum
1385 2892 1628 2968 anginas
1657 2888 1980 2949 efficaciter
2008 2897 2202 2968 sanat3

120 2982 166 3023 80
189 2969 336 3036 idem
395 2985 656 3055 praestat
714 2985 775 3037 et
834 2979 1143 3056 caprinum
1204 2977 1282 3038 fel
1349 2977 1620 3039 similiter
1683 2976 2037 3055 adpositum.
2140 2976 2204 3038 Si
2239 2986 2312 3035 28

191 3061 376 3125 subita
423 3067 635 3143 angina
682 3068 763 3126 ita
811 3064 1013 3126 fauces
1059 3064 1591 3145 praefocabttntur,
1646 3072 1713 3126 ut
1764 3064 1992 3126 nullum
2039 3068 2201 3128 auxi-

178 3145 322 3220 lium
370 3154 646 3215 celeriter
699 3155 954 3215 inveniri
1010 3158 1222 3235 possit,
1278 3155 1441 3215 ferro
1497 3173 1673 3234 quam
1727 3156 2071 3216 acutissimo
2129 3174 2200 3216 ex

189 3241 409 3324 venula,
457 3261 607 3321 quae
655 3241 767 3303 sub
804 3243 1002 3321 lingua
1041 3250 1133 3304 est
1178 3246 1240 3304 in
1278 3251 1448 3323 parte
1497 3245 1756 3322 sinistra,
1802 3261 1954 3322 quae
2002 3246 2202 3303 statim

188 3326 254 3388 de
297 3331 411 3392 hoc
460 3331 665 3392 morbo
712 3331 1009 3412 pallescit,
1056 3334 1299 3410 sanguis
1345 3334 1677 3413 emittatur3
1732 3334 2016 3393 continuo
2064 3329 2201 3390 sub·

324 3545 349 3592 1
390 3537 755 3606 terebentina.
865 3544 897 3591 3
926 3555 1233 3608 caprunum
1268 3542 1385 3594 2m.
1498 3544 1528 3591 9
1559 3537 1824 3594 omnium.
1935 3512 2007 3589 10'
2033 3552 2202 3603 quam

190 3604 498 3665 Coo-narius.
576 3613 641 3663 15
659 3625 820 3664 renes
839 3609 1023 3677 vulpis
1046 3610 1200 3666 Ptin.
1280 3615 1346 3664 19
1367 3606 1648 3677 anginam.
1722 3613 1791 3663 25
1811 3606 2200 3663 herundinum.
