2575 4092
950 251 1440 316 *125—

188 415 402 475 Graeci
457 413 777 492 appellant:
859 413 1128 492 Ligustri
1181 413 1318 474 folia
1375 415 1862 475 commanducato
1919 416 2216 494 sinitoque

189 505 355 582 egeri
391 505 666 582 pituitam
704 502 882 563 saliva
919 505 1238 581 inritatam,
1278 520 1429 581 quae
1467 502 1608 564 dum
1645 503 1835 565 hianti
1869 521 1974 563 ore
2005 503 2215 565 decur-

186 595 286 673 rit,
335 591 505 652 dolor
550 592 798 653 desinet.
866 591 1006 651 Sine
1053 590 1256 651 dolore
1305 599 1504 652 autem
1552 594 1654 671 qui
1700 594 1828 653 cavi
1877 600 1939 653 et
1976 592 2218 653 inutiles

186 688 330 741 sunt
388 680 667 742 decident
711 680 1102 741 medicamine
1150 678 1279 741 tali:
1351 678 1584 759 Piperis
1629 699 1812 760 grana
1857 699 2106 742 numero
2152 680 2219 761 V,

136 790 162 828 5
189 768 375 849 gallae
413 778 474 829 et
500 769 736 848 galbani
771 777 833 830 et
860 769 1135 830 afronitri
1162 768 1407 848 aequale
1435 769 1670 848 pondus
1698 769 1771 830 ad
1800 769 1967 830 sabae
1994 772 2218 849 magni-

187 858 461 919 tudinem
498 876 616 918 una
653 858 987 919 contundes
1030 866 1089 918 et
1126 859 1396 918 contusis
1431 857 1549 918 mel
1588 857 1942 919 admiscebis
1981 866 2042 919 et
2079 858 2217 919 sub·

188 949 334 1027 igeS,
382 946 571 1007 donec
617 947 853 1025 redigas
900 946 973 1007 ad
1021 965 1193 1007 cerae
1245 945 1683 1024 lentitudinem,
1728 964 1919 1026 eoque
1964 948 2218 1008 medica-

187 1043 392 1096 mento
441 1036 680 1097 dentem
726 1054 937 1096 cavum
983 1043 1043 1097 et
1088 1034 1387 1096 dolentem
1432 1034 1708 1115 implebis
1761 1037 1870 1116 ita,
1926 1044 1995 1097 ut
2049 1039 2220 1115 prius

189 1142 330 1185 eum
377 1123 564 1184 calida
601 1124 818 1204 foveam,
865 1126 993 1185 sine
1033 1123 1236 1184 dolore
1275 1124 1526 1185 excidet.
1593 1124 1681 1185 Ad
1720 1124 1931 1186 dentes
1968 1124 2220 1186 mobiles
2256 1138 2326 1188 42

108 1232 161 1271 ιο
189 1223 252 1275 et
299 1212 571 1273 dolentes
618 1220 678 1273 et
714 1214 1085 1292 gingivarum
1123 1221 1421 1274 tumorem
1456 1213 1788 1274 remedium
1827 1215 1942 1275 sic:
1987 1213 2221 1275 Cornus

190 1303 422 1363 cervini
468 1300 766 1362 combusti
815 1334 892 1345 —
942 1300 1025 1380 ΙΙ,
1078 1301 1206 1361 folii
1252 1294 1332 1388 2-
1370 1301 1422 1381 1,
1478 1301 1617 1362 salis
1662 1303 2013 1363 ammoniaci
2060 1294 2140 1389 ,9-
2179 1302 2223 1381 1,

188 1392 416 1470 piperis
453 1409 635 1469 grana
674 1389 848 1471 Vllll,
884 1392 992 1451 iris
1029 1389 1296 1469 Illyricae
1335 1382 1415 1477 ,9-
1445 1389 1627 1471 vl1113
1675 1409 1745 1451 ex
1784 1391 1878 1452 his
1915 1391 2221 1471 pulverem

188 1481 611 1540 tenuissimum
667 1479 849 1539 facies
905 1487 966 1539 et
1017 1497 1086 1538 eo
1136 1479 1344 1539 dentes
1392 1479 1635 1540 cottidie
1693 1479 2063 1558 perfricabiS.
2157 1480 2224 1540 Si

79 1635 80 1638 Ἴ
190 1567 443 1628 mobiles
491 1575 673 1628 erunt
718 1576 780 1628 et
815 1566 1122 1646 dolebunt,
1171 1565 1343 1627 facile
1381 1567 1595 1628 cadent
1641 1575 1703 1628 et
1748 1571 1800 1628 si
1846 1570 1975 1629 sine
2015 1567 2219 1629 dolore

108 1676 162 1717 15
191 1656 370 1717 validi
415 1665 581 1736 sunt,
642 1655 1154 1716 confirmabuntur
1208 1663 1271 1716 et
1326 1654 1698 1717 candidiores
1746 1663 1807 1716 et
1851 1655 2221 1718 odoratiores

190 1752 397 1825 erunt3
446 1744 659 1805 melius
706 1752 904 1805 autem
949 1744 1295 1825 proficient,
1351 1745 1405 1804 si
1458 1746 1522 1805 in
1568 1745 1865 1806 iuncturis
1912 1754 2015 1806 aut
2068 1745 2222 1806 radi-

190 1833 364 1895 cibus
413 1841 516 1894 ant
560 1836 854 1895 cavaturis
902 1851 1109 1894 eorum
1157 1834 1231 1894 de
1278 1832 1391 1893 hoc
1437 1835 1568 1912 ipso
1617 1833 1954 1895 dentifricio
1998 1834 2221 1913 aliquid

190 1921 502 1983 resederit.
584 1921 872 1983 Ramenta
928 1941 1148 1983 cornus
1201 1923 1429 1983 cervini
1472 1921 1567 1981 vel
1619 1921 1861 1983 scobem
1908 1924 2037 1983 eius
2083 1922 2222 1983 lima
2260 1936 2328 1985 43

190 2012 407 2072 factam
455 2029 593 2072 cum
639 2013 775 2071 vino
822 2019 1024 2072 vetere
1071 2009 1142 2071 ad
1191 2013 1399 2071 tertias
1447 2029 1636 2089 coque
1684 2019 1746 2072 et
1793 2010 1932 2072 inde
1976 2011 2222 2072 adsidue

106 2120 163 2159 20
192 2119 262 2160 os
300 2099 449 2180 elue,
494 2102 647 2161 mire
685 2099 954 2178 proderit
990 2099 1361 2160 roborandis.
1431 2098 1742 2161 Portulaca
1782 2100 2027 2161 adsidue
2067 2118 2222 2161 com·
2261 2115 2329 2162 44

190 2188 546 2250 manducata
593 2189 915 2250 stridorem
960 2188 1230 2250 dentium
1279 2187 1452 2249 tollit.
1544 2189 1879 2249 Africanam
1933 2189 2224 2268 ssongiam
2260 2202 2330 2252 45

193 2276 446 2338 siccabis
502 2285 565 2338 et
619 2276 750 2337 lana
805 2277 1068 2338 involves
1125 2285 1304 2356 atque
1355 2277 1494 2337 inde
1541 2277 1802 2338 radicem
1849 2277 2044 2339 dentis
2092 2296 2224 2356 per·

193 2366 457 2446 fricabiS,
496 2365 601 2426 sed
641 2385 799 2446 cave,
838 2384 913 2426 ne
951 2366 1132 2427 alium
1170 2384 1278 2445 pro
1309 2365 1421 2426 alio
1450 2376 1673 2445 tangas
1737 2366 1884 2427 Nam
1914 2375 2223 2428 contactus

191 2463 332 2535 post
368 2456 635 2516 triduum
673 2455 870 2533 cadet3
908 2456 960 2514 si
996 2457 1154 2515 enim
1193 2454 1439 2532 putidus
1475 2454 1660 2516 fuerit
1696 2463 1758 2516 et
1784 2455 2025 2535 dolebit,
2054 2455 2224 2515 facile

106 2563 165 2603 25
196 2543 449 2605 excidet.
535 2542 683 2604 Cum
728 2546 990 2623 primum
1036 2543 1418 2604 hirundinem
1464 2543 1712 2624 videriS,
1766 2543 1993 2605 tacebis
2045 2553 2105 2604 et
2151 2544 2224 2603 ad
2262 2557 2329 2607 46

190 2651 410 2712 aquam
457 2631 702 2692 nitidam
750 2632 999 2693 accedes
1048 2640 1225 2710 atque
1262 2631 1401 2691 inde
1439 2633 1501 2691 in
1539 2650 1607 2692 os
1645 2640 1815 2693 tuum
1854 2634 2079 2712 mittes;
2127 2631 2224 2692 de-

190 2721 334 2782 inde
383 2720 568 2799 digito
615 2720 938 2799 obscoeno,
997 2720 1058 2780 id
1116 2728 1209 2780 est
1261 2720 1486 2800 medio,
1544 2729 1663 2780 tam
1720 2739 1931 2781 manus
1982 2721 2224 2781 dextrae

194 2828 376 2890 quam
422 2811 697 2870 sinistrae
746 2811 953 2871 dentes
1002 2808 1243 2869 fricabis
1281 2816 1342 2869 et
1379 2807 1569 2870 dices:
1615 2809 1886 2870 Hirundo
1924 2808 2034 2870 tibi
2072 2810 2228 2887 dico,

141 2941 146 2944 -
195 2898 496 2978 quomodo
545 2898 657 2959 hoc
704 2901 766 2959 in
814 2906 1011 2958 rostro
1058 2900 1280 2957 iterum
1326 2915 1447 2958 non
1493 2900 1633 2976 erit,
1689 2900 1776 2959 sic
1822 2898 1970 2959 mihi
2016 2897 2226 2958 dentes

104 3008 165 3049 so
196 3006 319 3048 non
368 2986 607 3047 doleant
652 2995 777 3048 toto
824 3005 997 3047 anno.
1071 2986 1295 3046 lterum
1344 2985 1524 3046 alium
1569 3005 1789 3048 annum
1836 2995 1898 3047 et
1943 2986 2226 3065 deinceps

196 3074 590 3155 sequentibus
628 3076 902 3136 similiter
939 3075 1138 3154 facies,
1177 3076 1227 3134 si
1264 3073 1524 3135 volueris
1554 3076 1805 3137 remedii
1839 3075 2018 3137 huius
2057 3084 2226 3155 quot-

195 3166 371 3225 annis
408 3182 646 3224 manere
694 3164 1065 3225 beneficium.
1141 3162 1383 3224 Cocleas
1430 3173 1725 3226 nostrates
1761 3166 2021 3226 minutas
2051 3167 2229 3225 etiam
2263 3179 2330 3227 47

195 3257 408 3313 inanes
464 3252 674 3332 collige
730 3261 791 3314 et
845 3255 908 3312 in
963 3254 1249 3313 mortario
1311 3269 1642 3313 marmoreo
1703 3254 2020 3333 diligenter
2080 3262 2227 3334 tere,

272 3449 278 3455 .
345 3411 372 3458 1
422 3404 598 3461 Verba
634 3405 883 3475 Ligustri
919 3403 1060 3459 folia
1094 3421 1263 3475 usque
1299 3407 1375 3460 ad
1410 3406 1570 3460 dolor
1609 3405 1832 3461 desinet
1858 3408 2034 3475 paulo
2070 3407 2230 3472 infra

185 3482 321 3549 post
354 3477 521 3531 verba
559 3477 677 3530 sine
716 3476 910 3531 dolore
949 3475 1168 3531 excidet
1204 3477 1468 3532 collocata
1502 3482 1635 3531 sunt
1669 3480 1734 3532 in
1768 3479 1962 3532 codice.
2077 3482 2143 3530 14
2181 3477 2229 3530 si

195 3553 328 3604 ante
373 3548 493 3602 sine
542 3564 643 3602 om.
859 3552 928 3601 20
975 3548 1252 3616 porcacla.
1471 3552 1540 3600 21
1589 3547 1936 3619 Africanam]
1985 3547 2229 3616 aspagis.

197 3625 269 3675 25
308 3617 691 3685 herundinem‚
729 3619 856 3673 item
891 3623 978 3673 28.
