2575 4092
1040 210 1476 275 „99-

236 388 431 448 panax
488 388 625 431 cum
684 388 818 430 rosa
874 380 935 431 et
990 371 1358 451 amygdalino
1413 374 1550 434 vino
1607 375 1745 435 trita
1800 385 1964 437 recte
2010 374 2278 439 laboran-

237 458 400 519 tibus
467 458 717 521 auribus
779 459 1115 521 instillatur.
1217 461 1412 523 Alium
1477 462 1803 524 rotundum
1868 467 2076 526 tritum
2139 485 2275 528 cum
2316 480 2385 529 50

235 556 408 608 aceto
465 555 773 627 repostum
831 551 890 609 in
947 549 1159 628 pyxide
1215 548 1490 629 plumbea
1551 558 1611 610 et
1665 569 1803 612 cum
1857 570 2010 631 opus
2078 553 2278 636 fuerit,

240 655 378 697 cum
427 643 596 696 aceto
644 645 705 697 et
750 655 884 698 rosa
931 637 1196 698 infusum
1243 638 1491 700 auribus
1538 639 1797 718 prodest.
1879 640 2278 726 opobalsami,
2314 656 2380 704 61

179 741 209 782 5
238 743 441 805 rosae,
496 728 663 786 croci
710 729 1115 805 unguentarii,
1166 729 1316 807 opii,
1362 726 1735 806 singulorum
1780 747 1966 810 aequa
2013 731 2275 810 pondera

236 816 379 874 trita
428 815 719 893 tepefacta
767 815 960 876 infusa
1006 815 1254 877 auribus
1302 826 1570 896 prosunt.
1660 816 1918 879 virentis
1964 822 2274 899 papaveris
2312 833 2379 882 52

236 921 423 963 sucus
489 922 625 963 cum
683 921 816 963 rosa
874 905 965 964 vel
1018 903 1386 984 amygdalino
1443 909 1579 967 vino
1642 905 1738 966 vel
1800 910 1965 986 porri
2030 910 2274 970 seminis

235 1010 424 1053 sucus
470 1010 608 1052 cum
653 993 804 1053 lacte
852 993 1131 1054 muliebri
1178 993 1268 1054 vel
1318 1003 1614 1055 veratrum
1651 994 1849 1056 album
1889 998 2098 1057 tritum
2136 1016 2274 1058 cum

234 1080 609 1160 amygdalino
664 1079 796 1141 oleo
848 1089 949 1143 aut
994 1099 1239 1143 rosaceo
1295 1081 1387 1143 vel
1444 1101 1627 1145 sucus
1680 1101 2001 1163 granorum
2061 1084 2275 1147 Punici

150 1186 207 1226 ιο
235 1168 381 1230 mali
444 1188 582 1230 cum
647 1188 781 1230 rosa
843 1180 945 1232 aut
1000 1170 1130 1231 oleo
1196 1171 1566 1251 amygdalino
1629 1172 1868 1235 infusus
1933 1173 2273 1236 dolentibus

236 1258 489 1319 auribus
527 1260 786 1337 prodest.
878 1258 1055 1320 Croci
1086 1292 1163 1303 —
1198 1258 1318 1340 Vll,
1364 1264 1537 1322 nucis
1573 1279 1805 1322 amarae
1838 1261 1886 1323 X
1914 1261 2034 1343 vn,
2082 1263 2274 1324 mellis
2311 1276 2379 1324 53

239 1348 383 1408 boni
438 1348 681 1426 cyathos
727 1347 834 1428 111,
902 1350 1054 1409 aceti
1118 1349 1262 1409 boni
1325 1351 1484 1429 quod
1541 1353 1687 1411 satis
1740 1353 1858 1411 erit
1912 1354 2141 1432 mitteS,
2208 1360 2275 1413 ut

236 1436 691 1515 spissitudinem
736 1436 949 1498 habeat
986 1437 1481 1500 medicamentum
1522 1438 1714 1500 mellis
1750 1438 1961 1518 liquidi
1998 1450 2055 1502 et
2095 1440 2273 1502 simul

235 1527 600 1603 permixtum
656 1533 835 1605 atque
891 1534 1204 1587 excoctum
1260 1526 1601 1587 dolentibus
1647 1526 1893 1588 auribus
1938 1527 2272 1589 instillabis.

148 1629 207 1670 15
234 1613 495 1692 Murrae,
538 1616 717 1693 croci,
757 1616 895 1697 opii,
933 1615 1106 1676 nardi
1142 1618 1359 1697 spicae,
1398 1618 1549 1675 turis
1587 1617 1845 1696 corticis,
1884 1614 2021 1675 mali
2059 1616 2272 1677 Punici
2308 1628 2379 1677 64

236 1703 418 1782 aridi,
479 1702 646 1763 fabae
693 1705 1082 1783 Aegyptiacae
1128 1703 1396 1784 pulpam,
1457 1722 1678 1764 nucum
1729 1721 2061 1764 amararum
2121 1706 2271 1766 inte·

235 1794 416 1870 riora,
462 1792 654 1852 mellis
700 1792 859 1871 boni,
883 1792 1274 1871 singulorum
1326 1791 1377 1853 X
1424 1802 1764 1872 quaternoS,
1811 1795 2068 1853 castorei
2109 1792 2161 1854 X
2199 1792 2270 1875 11,

235 1879 515 1941 aluminis
560 1881 687 1941 fissi
733 1880 785 1940 X
822 1881 892 1961 Π,
938 1883 1163 1961 piperis
1211 1881 1373 1960 longi
1420 1880 1471 1942 X
1508 1880 1564 1961 13
1609 1883 1771 1942 tritis
1817 1880 2133 1959 diligenter
2178 1880 2271 1943 his

236 1968 517 2030 omnibus
564 1980 625 2030 et
672 1989 809 2030 cum
852 1978 1021 2031 aceto
1059 1973 1352 2031 acerrimo
1390 1972 1590 2031 mixtis
1628 1980 1805 2049 atque
1844 1973 2104 2031 excoctis
2142 1971 2273 2031 fieri

146 2075 207 2114 so
235 2065 476 2137 oportet
515 2058 1011 2120 medicamentum
1049 2067 1168 2119 tam
1211 2067 1621 2139 temperatum,
1651 2066 1719 2119 ut
1747 2058 1937 2119 simile
1973 2060 2051 2119 sit
2077 2077 2271 2139 passo.

233 2146 364 2207 Hoc
410 2147 771 2225 tepefactum
818 2147 1160 2228 instillatur,
1208 2150 1383 2208 etiam
1433 2147 1788 2209 exulceratis
1834 2146 2081 2208 auribus
2123 2149 2273 2208 mire

234 2235 500 2315 prodest.
565 2236 651 2296 Ad
690 2238 1048 2315 incipientes
1082 2236 1318 2297 dolores
1347 2239 1579 2297 aurium
1609 2245 1670 2297 et
1698 2236 2067 2298 exulceratas
2095 2255 2275 2297 aures
2313 2247 2380 2297 55

234 2325 351 2385 hoc
397 2324 766 2385 medicamen
811 2326 1022 2387 facies:
1070 2325 1248 2386 Turis
1297 2358 1382 2369 —-
1429 2324 1563 2404 1111,
1620 2325 1812 2386 mellis
1862 2358 1939 2369 —
1991 2324 2097 2403 111,
2153 2327 2273 2385 vini

235 2416 464 2474 austeri
510 2413 755 2492 cyathos
791 2413 863 2495 11,
910 2417 1063 2474 aceti
1109 2415 1389 2474 acerrimi
1430 2414 1708 2493 cyathum
1745 2413 1787 2494 1,
1833 2413 2006 2474 nardi
2044 2413 2274 2493 Syriaci

147 2517 205 2559 85
236 2502 289 2563 X
328 2501 400 2582 11,
450 2520 683 2581 myrrae
726 2501 778 2563 X
815 2502 840 2562 1
880 2502 939 2584 S,
986 2504 1150 2563 croci
1193 2500 1219 2560 Ι
1267 2502 1326 2583 S,
1375 2519 1560 2562 nuces
1607 2520 1835 2563 amaras
1881 2519 2133 2563 numero
2178 2500 2275 2581 111,

236 2591 595 2651 afronitrum
636 2593 928 2652 victoriati
956 2591 1208 2670 pondus,
1245 2592 1473 2670 piperis
1502 2590 1662 2669 longi
1689 2590 1741 2650 X
1771 2589 1817 2668 1,
1852 2589 2019 2651 fabae
2048 2590 2272 2669 Aegyp·

238 2682 426 2739 tiacae
482 2697 664 2758 grana
720 2689 970 2759 purgata
1023 2677 1146 2739 1111.
1239 2677 1399 2739 Haec
1457 2681 1652 2739 omnia
1709 2681 1969 2758 primum
2025 2697 2134 2758 per
2190 2696 2272 2759 se,

237 2767 452 2828 deinde
519 2770 582 2827 in
648 2787 833 2829 unum
893 2771 1074 2828 mixta
1141 2775 1422 2828 teruntur
1488 2775 1548 2828 et
1612 2767 1870 2847 tepidata
1938 2765 2273 2827 dolentibus

235 2855 487 2917 auribus
532 2857 914 2918 instillantur.
990 2856 1256 2917 Castorei
1303 2855 1506 2916 obolos
1545 2855 1616 2936 ll,
1661 2856 1722 2916 id
1761 2863 1852 2916 est
1891 2855 2036 2915 duas
2072 2863 2274 2934 partes
2313 2865 2379 2915 56

150 2961 208 3002 so
236 2947 560 3025 victoriati,
624 2946 843 3007 radicis
899 2946 1183 3026 lanariae,
1248 2944 1387 3005 salis
1442 2947 1817 3024 ammoniaci,
1882 2945 2103 3003 veratri
2157 2942 2275 3003 albi

234 3034 395 3095 idem
439 3034 740 3115 ponderiS,
788 3034 1006 3114 quibus
1044 3033 1453 3113 superadicies
1491 3036 1655 3094 croci
1691 3034 1987 3094 victoriati
2022 3032 2275 3115 pondus,

235 3123 353 3184 olei
408 3125 550 3183 irini
607 3134 666 3183 et
718 3124 913 3184 mellis
968 3141 1174 3202 parem
1229 3140 1596 3204 mensuram,
1654 3122 1715 3182 id
1762 3129 1856 3182 est
1902 3120 2273 3200 singulorum

234 3211 288 3272 X
344 3210 492 3272 XVI.
592 3211 676 3272 Ea
743 3230 1014 3272 seorsum
1080 3213 1247 3291 prius
1315 3209 1546 3289 singula
1609 3214 1751 3271 trita
1816 3212 2149 3271 miscentur
2209 3211 2272 3270 in

236 3319 452 3383 unum3
509 3300 734 3361 faciunt
790 3300 941 3361 bene
999 3300 1070 3360 ad
1127 3298 1390 3360 dolorem
1439 3307 1500 3360 et
1546 3299 1746 3361 ulcera
1792 3301 2027 3360 aurium
2074 3296 2271 3375 tepide

153 3403 207 3444 85
234 3393 477 3451 inserta.
554 3389 792 3449 Dolenti
837 3388 1136 3451 auriculae
1184 3395 1422 3468 oportet
1472 3389 1718 3448 farinam
1758 3386 2119 3447 hordiaciam
2165 3402 2275 3462 per
2312 3395 2379 3445 5⁷

234 3497 298 3539 se
355 3486 589 3540 coctam
646 3496 717 3538 ex
774 3497 924 3558 aqua
984 3476 1173 3538 mulsa
1220 3476 1656 3555 cataplasmatis
1701 3494 1868 3537 more
1915 3493 1948 3535 a
1996 3475 2141 3534 foris
2185 3476 2272 3533 in-

232 3586 458 3647 ponere
518 3566 614 3626 vel
669 3567 917 3628 farinam
970 3567 1078 3628 lini
1124 3567 1371 3626 seminis
1426 3573 1486 3625 et
1539 3564 1910 3643 faenograeci
1967 3564 2028 3622 in
2088 3580 2272 3622 unum

1881 3660 1956 3718 7*
