2575 4092
1004 259 1484 325 ——283—

226 429 357 483 tere
430 427 491 481 et
564 420 923 501 dysinterico
997 439 1108 500 per
1177 424 1385 483 uncias
1451 423 1712 502 singulas
1775 423 1986 486 diebus
2052 427 2251 505 singu-

222 511 301 572 lis
347 509 535 572 dabis,

406 597 702 661 Coliculos
757 615 829 659 ex
885 607 1052 662 aceto
1107 608 1338 682 coctos,
1393 600 1491 661 alii
1542 602 1736 680 spicas
1784 609 2065 682 quattuor
2109 619 2249 680 pur·
2289 613 2357 662 53

221 696 415 771 gataS‚
470 706 579 748 ova
633 689 864 750 incocta
919 687 1037 750 duo
1103 689 1279 749 simul
1336 695 1580 750 contere
1637 697 1697 751 et
1751 690 1916 752 adice
1971 692 2092 751 vini
2152 705 2248 751 ve-

166 791 196 833 5
222 780 373 840 teris
428 776 727 837 heminam
783 787 843 837 et
896 777 1282 839 fervefactum
1337 778 1705 839 medicamen
1759 778 2120 858 dysinterico
2177 778 2250 839 da

220 865 566 928 bibendum.

402 955 610 1015 Ficum
667 952 966 1032 duplicem
1020 962 1081 1015 et
1135 954 1389 1034 palmam
1442 957 1893 1035 pinguissimam
1945 974 2083 1016 cum
2127 957 2250 1017 vini
2287 967 2356 1017 54

220 1046 447 1105 veteris
492 1043 730 1103 hemina
776 1043 847 1103 ad
895 1046 1102 1104 tertias
1148 1044 1415 1124 decoque
1462 1053 1523 1106 et
1566 1046 1792 1123 piperis
1839 1042 1957 1104 albi
2002 1046 2131 1105 triti
2166 1046 2249 1105 vi-

221 1134 376 1212 ginti
430 1149 612 1211 grana
667 1130 927 1192 admisce
991 1140 1052 1193 et
1104 1132 1372 1212 tepidum
1437 1134 1798 1213 dysinterico
1863 1135 2032 1212 potui
2095 1132 2248 1193 dato.

139 1236 196 1275 ιο
224 1220 466 1281 Vestem
523 1222 617 1281 ovi
676 1219 986 1281 delicatam
1040 1223 1388 1282 interiorem
1443 1224 1719 1283 siccatam
1775 1229 2046 1302 contere,
2111 1223 2247 1282 vino
2285 1233 2353 1283 55

221 1311 412 1371 misce
459 1317 519 1369 et
564 1307 692 1369 cola
739 1318 800 1369 et
845 1327 916 1368 ex
963 1327 1114 1389 aqua
1160 1309 1347 1371 calida
1395 1310 1756 1390 dysinterico
1802 1311 1875 1371 da
1913 1310 2247 1371 bibendam.

219 1397 342 1458 Lac
388 1415 719 1476 caprunum
757 1397 1010 1479 fervens,
1056 1397 1286 1459 adiecto
1332 1398 1605 1478 polentae
1647 1409 1932 1477 quantum
1971 1401 2115 1460 satis
2153 1401 2248 1479 sit,
2285 1412 2354 1462 56

221 1504 363 1548 eum
400 1486 582 1547 fuerit
609 1487 780 1564 quasi
811 1488 1013 1547 tenuis
1039 1485 1344 1567 pulticula,
1373 1485 1541 1547 dabis
1569 1488 1669 1547 cui
1699 1506 1878 1566 supra
1905 1486 2248 1548 bibendum.

400 1572 725 1653 Coagulum
771 1573 1108 1654 leporinum
1152 1594 1225 1635 ex
1274 1577 1410 1635 vino
1457 1574 1712 1636 dilutum
1749 1575 2016 1654 tepidum
2053 1576 2247 1654 dysin·
2286 1590 2353 1639 57

138 1676 195 1718 15
222 1665 416 1725 terico
463 1663 537 1724 da
582 1661 926 1742 bibendum,
972 1664 1045 1724 de
1094 1681 1212 1743 quo
1258 1663 1505 1742 coagulo
1553 1668 1605 1724 si
1648 1662 1915 1742 singulos
1953 1663 2249 1743 scripulos

217 1756 284 1814 in
323 1751 574 1831 singulis
610 1753 738 1812 ovis
776 1750 1098 1813 sorbilibus
1135 1754 1337 1812 ieiuno
1376 1770 1484 1831 per
1510 1752 1776 1813 triduum
1804 1751 2058 1832 dederis,
2095 1754 2246 1812 mire

219 1841 556 1903 subvenies,
627 1839 763 1900 Vini
807 1842 1028 1901 veteris
1073 1841 1269 1901 faeces
1307 1848 1369 1901 et
1404 1842 1685 1901 iocineris
1723 1842 1951 1919 caprini
1988 1841 2245 1902 frustum
2283 1854 2352 1905 58

218 1930 527 1991 sufficiens
572 1931 637 1989 in
682 1927 855 1989 ollam
903 1928 1114 1989 rudem
1150 1930 1321 1989 mitte
1360 1937 1420 1990 et
1456 1928 1652 2011 facito,
1698 1936 1766 1989 ut
1806 1926 2032 2012 bulliat,
2068 1937 2244 2008 atque

218 2017 360 2079 inde
406 2018 607 2078 ieiuno
653 2018 875 2096 cyliaco
922 2017 1293 2078 sufficienter
1338 2017 1409 2077 da
1457 2015 1681 2078 bibere.

136 2118 192 2161 20
398 2104 625 2167 Bulbus
670 2105 985 2167 Africanus
1041 2105 1414 2167 rubicundus
1470 2108 1767 2167 contritus
1814 2106 2044 2167 adiecto
2090 2108 2245 2187 vino,
2283 2119 2351 2170 59

219 2195 381 2275 quod
428 2194 588 2255 ferro
635 2193 785 2255 duro
828 2195 1106 2256 candenti
1141 2194 1388 2276 calefiat,
1432 2197 1602 2274 potui
1640 2194 1813 2255 datus
1850 2193 2088 2275 cyliacis
2122 2213 2245 2256 me-

220 2284 413 2345 detur.
495 2282 846 2345 Palumbum
899 2284 1094 2344 ferum
1149 2303 1221 2345 ex
1276 2301 1454 2363 passo
1509 2300 1816 2361 concoque
1872 2291 2051 2362 atque
2104 2284 2244 2344 inde
2283 2298 2352 2347 6ο

217 2373 494 2452 potiones
550 2372 812 2449 singulas
868 2372 1089 2451 cyliaco
1134 2390 1245 2451 per
1299 2372 1567 2432 triduum
1623 2372 1696 2432 da
1759 2370 2065 2433 bibendas,
2154 2371 2244 2432 Ad
2283 2387 2348 2437 61

220 2460 477 2540 cyliacos
539 2460 726 2521 herba
788 2460 1062 2539 plantago
1126 2468 1188 2521 et
1247 2460 1535 2520 lentiscus
1592 2461 1910 2539 separatim
1967 2478 2038 2521 ex
2093 2478 2244 2540 aqua

138 2559 192 2601 25
219 2555 591 2629 coquuntur,
642 2555 848 2628 postea
892 2551 956 2609 in
1000 2566 1187 2609 unum
1231 2549 1672 2627 permiscentur
1718 2556 1779 2609 et
1822 2555 1968 2609 tunc
2014 2549 2245 2609 adiecto

220 2644 389 2698 aceto
436 2655 575 2698 cum
621 2655 770 2716 pane
817 2638 880 2697 in
927 2636 1060 2697 cibo
1108 2644 1344 2715 sumpta
1379 2643 1686 2714 prosunts
1727 2635 1959 2697 Herbae
1995 2639 2243 2698 vettoni-
2283 2651 2351 2700 62

219 2744 326 2786 cae
379 2727 443 2785 in
497 2725 709 2786 umbra
765 2725 1055 2786 arefactae
1116 2732 1329 2786 tunsae
1389 2723 1802 2804 cribrataeque
1855 2725 2051 2804 pulvis
2106 2743 2242 2787 cum

218 2817 357 2875 vino
404 2821 582 2892 potus
628 2813 867 2894 cyliacis
911 2813 1237 2892 plurimum
1280 2813 1543 2893 prodest.

397 2901 536 2963 Mali
590 2904 821 2980 granati
876 2908 1080 2963 cortex
1136 2903 1355 2962 siccata
1409 2902 1683 2963 tunditur
1738 2909 1800 2962 et
1848 2900 2138 2962 criblatur
2185 2909 2246 2962 et
2282 2915 2350 2965 63

136 3003 192 3044 30
219 2991 415 3071 pulvis
470 3009 543 3051 ex
591 3009 661 3051 eo
707 2992 995 3051 miscetur
1041 3008 1178 3051 cum
1224 3007 1472 3062 ovorum
1519 2989 1735 3051 vitellis
1781 2988 1976 3051 tribus
2023 2990 2244 3070 diuque

218 3082 285 3140 in
322 3097 551 3140 morem
586 3078 1093 3158 panis-subigitur
1131 3096 1199 3140 ac
1238 3078 1488 3139 fricatur
1528 3085 1707 3157 atque
1743 3078 1883 3139 inde
1920 3081 2090 3158 panis
2128 3079 2245 3140 for·

220 3175 417 3230 matus
462 3169 526 3228 in
573 3167 705 3228 foco
743 3169 1024 3247 coquitur
1061 3174 1123 3227 et
1160 3168 1246 3227 sic
1283 3168 1692 3229 manducatur.
1758 3166 1871 3237 Qui
1910 3169 1959 3228 si
1998 3176 2246 3247 propter

220 3258 466 3318 nimiam
526 3258 934 3317 austeritatem
991 3254 1332 3336 offenderit,
1396 3273 1534 3316 cum
1593 3255 1873 3316 lenticula
1929 3256 2058 3315 sine
2115 3253 2243 3315 oleo

220 3353 391 3406 cocta
447 3345 677 3405 adiecto
733 3345 1022 3405 acerrimo
1083 3350 1250 3404 aceto
1308 3361 1341 3403 a
1395 3345 1595 3405 ieiuno
1650 3343 1995 3404 manducari
2052 3342 2243 3423 debet,

134 3444 191 3487 35
221 3434 382 3514 quod
421 3451 492 3494 eo
529 3433 666 3512 plus
700 3434 986 3513 proderit,
1033 3450 1151 3512 quo
1192 3434 1551 3511 propensius
1589 3432 1772 3492 fuerit
1806 3432 2245 3492 manducatum.

407 3626 475 3676 10
501 3619 814 3676 interiores.
905 3626 972 3675 21
1003 3620 1180 3676 datur.
1283 3624 1353 3673 22
1384 3633 1731 3686 conquoque.
1831 3623 1899 3672 32
1929 3618 2252 3688 quoquitur„
