2575 4092
1091 238 1566 304 —252—

317 402 539 463 calidae
586 402 814 482 cyathis
859 401 1108 462 totidem
1146 410 1388 480 epotum
1434 403 1685 462 maxime
1724 400 1968 479 prodest
2004 398 2352 461 lumborum

209 501 279 553 35
319 490 525 552 dolori.
584 489 685 551 Fel
722 499 918 551 terrae
956 491 1165 551 tritum
1203 509 1275 549 ex
1315 491 1721 550 vetustissimo
1758 491 1894 549 vino
1932 487 2139 548 bibere
2178 487 2352 549 dabis

315 581 517 641 ieiuno
573 597 754 658 supra
810 579 991 640 limen
1048 580 1229 639 stanti
1284 597 1405 639 uno
1462 578 1642 658 pede,
1698 580 1802 657 qui
1847 596 2053 638 coxam
2102 576 2352 656 dolebit,

318 668 423 729 sed
472 687 591 729 non
638 670 700 728 in
746 670 899 729 vitro
945 667 1098 728 hanc
1145 669 1447 747 potionem
1494 666 1673 728 bibat.

210 769 278 818 36
492 757 783 818 Praesens
837 756 1167 817 remedium
1225 755 1298 816 ad
1354 774 1535 817 coxae
1590 755 1855 817 dolorem
1914 755 2032 815 sic:
2094 754 2350 814 Artemi-
2376 770 2406 811 ⁵

318 848 462 906 siam
518 846 742 907 aridam
802 845 1044 926 tundeS‚
1110 844 1403 905 cribrabis
1472 853 1532 906 et
1596 863 1669 905 ex
1724 846 1860 904 vino
1912 842 2084 906 ‚dabis
2138 841 2350 903 bibere

210 946 278 995 37
317 936 550 1014 ieiuno,
595 937 878 996 continuo
926 933 1339 995 emendabitur
1385 935 1612 994 vitium.
1693 932 1925 993 Herbae
1970 931 2240 1011 pteridi5‚
2288 931 2348 991 id

318 1032 410 1084 est
465 1024 747 1102 filiculae,
801 1041 953 1102 quae
1008 1025 1154 1083 ratis
1209 1021 1432 1082 Gallice
1488 1022 1708 1083 dicitur
1763 1039 2033 1100 quaeque
2093 1022 2157 1080 in
2214 1021 2349 1098 fago

321 1130 495 1191 saepe
553 1114 845 1191 nascitur,
904 1111 1136 1172 radices
1192 1120 1403 1171 tunsae
1457 1112 1519 1171 in
1577 1112 1817 1189 potione
1871 1112 2072 1170 ieiuno
2128 1109 2352 1169 dantur

321 1219 457 1261 cum
507 1202 642 1260 vino
690 1218 972 1260 coxarum
1019 1199 1325 1259 doloribus
1372 1198 1679 1260 laboranti.
2380 1214 2435 1254 10

213 1298 282 1348 38
497 1288 791 1349 Hederam
830 1297 890 1349 et
924 1287 1170 1348 herbam
1202 1287 1478 1348 Sabinam
1509 1290 1715 1368 aequis
1743 1286 2119 1367 portionibus
2146 1287 2352 1347 tritam

326 1395 397 1437 ex
454 1380 589 1438 vino
647 1384 886 1440 austero
933 1376 1005 1436 ad
1053 1377 1294 1437 modum
1342 1376 1636 1437 avellanae
1683 1376 1813 1437 dari
1859 1377 2101 1437 sciatico
2147 1377 2353 1436 ieiuno

325 1474 562 1544 oportet
599 1484 708 1544 per
744 1465 1029 1545 triduum,
1067 1465 1271 1526 eadem
1302 1468 1465 1545 potio
1494 1467 1670 1525 etiam
1700 1465 1857 1525 aliud
1889 1464 2107 1525 malum
2136 1482 2353 1524 coxen-

216 1566 282 1615 39
323 1555 474 1615 dicis
530 1564 760 1633 purgat.
843 1553 1095 1633 Trixago
1152 1553 1337 1614 herba
1385 1555 1698 1614 fervefacta
1747 1572 1884 1614 cum
1931 1571 2080 1632 aqua
2130 1571 2200 1613 ac
2245 1553 2354 1613 tri·

215 1654 284 1703 40
321 1643 438 1704 duo
485 1645 655 1723 potui
701 1644 832 1703 data
882 1645 1190 1703 sciaticum
1238 1644 1489 1703 mirifice
1547 1651 1730 1703 sanat.
1810 1640 2180 1703 Corcodillus
2226 1649 2352 1702 ter-
2382 1657 2435 1700 ιτ,

326 1749 508 1792 renus
565 1733 852 1811 praecisis
910 1735 1158 1792 summis
1204 1730 1476 1811 partibus
1523 1735 1861 1810 egestisque
1906 1732 2234 1792 interaneis
2282 1748 2354 1790 ex

329 1822 459 1880 iure
507 1829 714 1881 coctus
760 1820 982 1881 cibatui
1027 1820 1199 1881 datus
1245 1838 1522 1899 magnum
1571 1822 1831 1881 sciaticis
1881 1826 2144 1899 praestat
2191 1820 2356 1879 auxi·

218 1920 285 1967 41
327 1907 487 1968 lium.
563 1907 770 1969 Fimus
816 1927 1080 1988 aprunus
1128 1911 1261 1969 vino
1310 1910 1599 1969 remissus
1638 1909 1967 1989 tepefactus
2005 1907 2356 1986 colatusque

331 2009 391 2058 et
439 1997 692 2059 duorum
741 1998 1087 2078 cyathorum
1135 2015 1414 2058 mensura
1460 1999 1626 2076 potui
1674 1997 1848 2058 datus
1895 1998 2153 2057 sciaticis
2201 1995 2356 2056 salu-

224 2097 292 2146 42
331 2085 591 2147 berrime
638 2087 929 2146 medetur.
1004 2085 1273 2166 Rumam,
1322 2105 1435 2165 qua
1473 2085 1659 2164 pelles
1695 2087 2062 2165 inficiuntur,
2108 2085 2356 2145 cottidie
2384 2102 2436 2141 ιο

219 2187 287 2235 43
327 2173 533 2234 bibere
572 2176 832 2234 sciaticis
870 2173 1016 2234 utile
1054 2184 1147 2234 est
1184 2184 1245 2234 et
1280 2178 1343 2235 in
1383 2174 1592 2235 balneo
1630 2175 1886 2235 ferventi
1922 2174 2118 2234 lavari.
2180 2173 2357 2234 Geni·

329 2269 454 2322 stae
492 2264 644 2322 rami
681 2262 953 2341 plurimis
991 2262 1201 2323 diebus
1237 2265 1301 2322 in
1339 2273 1505 2324 aceto
1535 2272 1930 2343 macerantur,
1969 2261 2180 2322 deinde
2218 2270 2357 2322 tun-

327 2350 553 2411 duntur
599 2358 659 2411 et
705 2353 1141 2431 exprimuntur,
1187 2370 1258 2412 ex
1308 2371 1377 2412 eo
1417 2370 1561 2413 suco
1600 2353 1847 2431 cyathus
1884 2369 2041 2413 unus
2078 2350 2150 2411 ad
2195 2350 2354 2411 diem

329 2440 589 2521 sciatico,
636 2456 946 2519 quousque
995 2449 1256 2521 sanetur,
1303 2442 1570 2503 offertur.

221 2539 291 2588 44
505 2527 743 2589 Fimum
791 2527 1081 2589 bubulum
1129 2530 1482 2610 ferventem,
1540 2547 1716 2608 quem
1765 2531 1825 2589 in
1873 2530 2076 2589 cinere
2122 2528 2361 2589 ardenti
2386 2544 2437 2585 25

332 2615 694 2698 calefeceriS,
741 2635 1021 2678 coxarum
1071 2617 1262 2679 dolori
1307 2621 1593 2699 inponito,
1639 2617 1962 2696 plurimum
2010 2617 2276 2695 prodest.

221 2715 289 2766 45
508 2703 738 2765 Vermis
785 2713 1064 2767 terrenus
1107 2706 1407 2768 exfoditur
1443 2715 1505 2767 et
1541 2708 1602 2766 in
1641 2706 1835 2785 ligneo
1874 2724 2056 2766 cauco
2093 2707 2360 2784 ponitur,

329 2794 379 2853 si
426 2794 556 2854 fieri
594 2802 794 2872 potest
830 2795 970 2855 fisso
1010 2804 1070 2856 et
1106 2797 1266 2855 ferro
1305 2795 1558 2875 alligato,
1604 2804 1749 2856 tunc
1787 2812 1938 2874 aqua
1974 2794 2360 2874 perfunditur

328 2900 661 2962 rursusque
709 2883 916 2943 eodem
964 2883 1112 2963 loco,
1159 2884 1318 2945 unde
1365 2884 1631 2963 prolatus
1678 2894 1787 2963 est,
1826 2883 2155 2964 defoditur3
2205 2902 2359 2962 aqua

329 2989 490 3052 vero,
536 2974 597 3031 in
645 2989 761 3050 qua
808 2971 1034 3033 dilutus
1081 2982 1191 3052 est,
1236 2975 1300 3032 in
1348 2973 1555 3034 eodem
1601 2972 1816 3052 poculo
1863 2971 2090 3033 bibitur
2136 2991 2167 3032 a
2207 2975 2353 3032 scia·
2382 2988 2436 3030 so

327 3061 447 3119 tico
494 3059 568 3118 ob
616 3062 846 3138 insigne
894 3061 1241 3122 remedium.

222 3160 290 3210 46
506 3148 592 3207 Ad
652 3151 910 3210 nesciam
977 3151 1307 3211 remedium
1367 3152 1480 3211 sic:
1545 3149 1742 3210 Herba
1799 3147 2151 3228 pentasyllos
2197 3147 2359 3209 foliis

328 3237 631 3316 fragorum
686 3238 982 3298 simillima
1035 3238 1190 3299 lovis
1246 3240 1344 3300 die
1401 3237 1645 3299 collecta
1710 3246 1771 3299 et
1825 3256 1962 3298 cum
2021 3239 2158 3300 vino
2214 3239 2356 3298 trita

508 3395 540 3444 3
578 3389 699 3461 qui]
740 3407 851 3459 quo
977 3397 1013 3444 4
1048 3390 1233 3463 bibat]
1264 3391 1452 3446 dabat.
1566 3397 1598 3445 5
1629 3392 1998 3446 artemesiam.
2099 3396 2130 3445 7
2159 3390 2356 3459 hepte-

329 3459 483 3514 ridis.
613 3465 645 3514 8
683 3461 995 3516 filiciculae.
1124 3468 1189 3517 13
1227 3461 1457 3532 oportit.
1588 3469 1652 3517 19
1691 3465 1980 3532 cyatorum
2019 3477 2354 3516 mensuram.

331 3536 399 3584 20
436 3531 670 3586 tobiam.
815 3538 885 3585 24
922 3532 1182 3588 sceatico.
1330 3540 1398 3587 25
1437 3532 1678 3589 cinerem
1722 3533 1969 3588 ardente.
2114 3538 2186 3587 30
2224 3547 2357 3586 vero

328 3601 387 3654 in
424 3617 535 3668 qua
571 3619 673 3657 om.
816 3603 875 3655 in
911 3620 1013 3657 om.
1160 3605 1419 3660 sceaticO.
