2575 4092
1036 243 1514 309 —151—

259 410 324 468 in
369 406 546 488 aluta,
593 425 731 468 cum
777 425 929 488 opus
975 414 1069 468 est
1112 406 1357 488 adponi3
1402 409 1581 468 tertio
1628 407 1718 468 vel
1770 415 1982 489 quarto
2028 407 2124 468 die
2172 407 2287 469 sol·

260 498 437 575 vitur,
474 498 527 556 si
563 513 684 556 non
722 498 1185 574 suppuraverint
1221 503 1511 577 strumae3
1551 495 1655 557 sed
1685 499 1738 558 si
1765 506 2004 576 apertae
2043 497 2286 578 fuerint,

258 583 456 645 hieme
502 584 749 645 alternis
787 584 1068 665 solvetur,
1105 592 1328 645 aestate
1367 584 1628 645 cottidie.
1695 584 1978 665 Malagma
2017 585 2091 646 ad
2129 594 2284 647 stru·
2322 598 2393 648 99

260 691 389 733 mas
435 680 499 734 et
533 672 604 733 ad
652 691 888 734 omnem
926 673 1207 734 duritiam
1243 672 1621 735 relaxandam
1660 675 1975 735 mirificum
2014 677 2128 735 sic:
2172 674 2285 735 Re·

205 780 234 820 ⁵
263 764 426 822 sinae
482 759 916 823 terebinthinae
961 760 1025 824 P.
1063 762 1144 844 ΙΙ,
1189 780 1362 823 cerae
1409 761 1716 842 selibram,
1769 762 2060 844 propolis,
2107 780 2285 843 quam

263 851 503 930 quidam
539 868 737 911 ceram
775 869 1004 911 sacram
1041 857 1271 930 vocant,
1309 849 1371 910 P.
1400 849 1445 930 1,
1480 849 1715 929 galbani
1740 850 1804 913 P.
1832 851 1878 933 l,
1913 850 2030 912 olei
2065 853 2286 913 veteris

260 938 559 1000 selibram.
616 938 775 1000 Haec
813 942 1008 1000 omnia
1047 957 1187 1001 cum
1223 938 1354 999 oleo
1391 938 1464 999 ad
1502 941 1699 1018 ignem
1727 939 2023 1019 liquefieri
2049 947 2287 1020 oportet

258 1035 322 1088 et
355 1034 563 1106 postea
600 1030 842 1089 misceri
878 1030 1026 1089 visci
1061 1027 1136 1089 de
1174 1045 1403 1108 quercu
1440 1026 1503 1090 P.
1542 1026 1586 1108 1,
1619 1028 1809 1108 xiphii
1845 1027 2080 1107 radicis,
2125 1028 2283 1108 quod

258 1133 369 1176 nos
414 1115 730 1196 gladiolum
778 1116 1158 1198 appellamus,
1203 1115 1266 1178 P.
1305 1116 1348 1198 I,
1395 1115 1656 1177 faeculae
1700 1118 1897 1197 putris
1943 1115 2005 1177 P.
2043 1115 2087 1198 1,
2132 1117 2286 1177 al'ro·

177 1223 233 1262 10
259 1206 405 1266 nitri
467 1203 655 1265 librae
720 1206 1135 1286 quadrantem,
1199 1207 1557 1284 opopanacis
1621 1205 1684 1268 P.
1731 1205 1773 1267 1.
1864 1204 2025 1266 Haec
2089 1208 2286 1267 omnia

260 1293 495 1373 ordine,
551 1311 668 1372 quo
729 1296 952 1374 scripta
997 1303 1164 1374 sunt,
1221 1297 1362 1355 trita
1416 1293 1782 1375 criblataque
1836 1295 1900 1355 in
1959 1294 2283 1356 caccabum

259 1384 666 1461 coniciuntur,
721 1400 1029 1462 opopanax
1082 1382 1212 1444 oleo
1263 1382 1514 1444 diluitur
1560 1392 1621 1443 et
1666 1383 1941 1463 solvitur3
1987 1383 2091 1444 ubi
2136 1394 2284 1445 tem-

256 1479 532 1549 peratum
569 1478 663 1531 est
690 1471 1205 1552 medicamentum,
1240 1470 1517 1532 manibus
1548 1471 1862 1553 subigitur,
1900 1471 2108 1533 linitur
2145 1489 2284 1533 cum

256 1577 409 1639 opus
456 1567 549 1619 est
595 1559 754 1620 aluta
799 1567 861 1620 et
904 1562 991 1620 sic
1038 1560 1373 1639 adponitur.

174 1665 232 1707 ιε
436 1647 743 1710 Glandulis
778 1648 959 1708 facies
994 1649 1325 1710 remedium
1365 1650 1477 1709 sic:
1523 1645 1814 1729 Farinam,
1859 1647 1993 1729 mel,
2031 1665 2275 1709 crocum
2289 1662 2395 1712 100

256 1743 319 1797 et
365 1738 591 1797 caricas
636 1736 814 1797 simul
859 1738 1043 1797 misce
1090 1743 1151 1797 et
1194 1743 1440 1797 contere
1488 1743 1665 1816 atque
1712 1754 1899 1797 unum
1937 1754 2159 1815 corpus
2204 1737 2285 1798 fa-

255 1827 376 1886 cito
424 1834 485 1885 et
528 1828 611 1885 ita
658 1825 838 1886 linteo
886 1825 1069 1886 inline
1108 1832 1170 1886 et
1205 1843 1390 1904 super
1425 1823 1731 1903 glandulas
1767 1842 1940 1903 pone.
2021 1823 2274 1887 Carmen
2292 1838 2393 1889 101

256 1915 477 1975 mirum
522 1914 593 1974 ad
641 1913 947 1994 glandulas
994 1917 1109 1975 sic:
1181 1912 1392 1974 Albula
1437 1912 1714 1991 glandula
1768 1931 1882 1973 nec
1927 1912 2127 1973 doleas
2174 1933 2284 1976 nec

256 2021 474 2063 noceas
528 2021 642 2064 nec
688 2003 992 2082 paniculas
1038 2003 1248 2083 saciaS,
1307 2002 1410 2063 sed
1458 2001 1754 2080 liquescas
1800 2010 2099 2081 tamquam
2148 2002 2288 2063 salis

169 2108 226 2149 so
254 2093 321 2151 in
367 2110 535 2171 aqua.
603 2091 729 2153 Hoc
777 2099 872 2153 ter
917 2094 1123 2152 novies
1169 2091 1377 2153 dicens
1423 2108 1605 2169 spues
1650 2090 1725 2150 ad
1771 2099 2013 2154 terram
2029 2097 2091 2151 et
2126 2089 2286 2170 glan-

253 2179 427 2241 dulas
480 2184 639 2259 ipsas
707 2180 921 2261 pollice
985 2188 1047 2241 et
1109 2180 1296 2259 digito
1360 2178 1701 2240 medicinali
1757 2178 2078 2259 perduces,
2142 2179 2284 2241 dum

254 2287 499 2330 carmen
556 2270 732 2350 dicis3
788 2268 891 2329 sed
950 2278 1085 2330 ante
1141 2268 1284 2329 solis
1339 2279 1536 2329 ortum
1594 2276 1657 2329 et
1708 2276 1846 2346 post
1899 2285 2178 2329 occasum
2223 2269 2285 2331 id

255 2358 459 2438 facieS,
496 2366 676 2437 prout
721 2357 851 2418 dies
897 2364 1000 2419 aut
1036 2375 1151 2418 nox
1191 2359 1513 2417 minuetur.
1587 2355 1904 2417 Glandulas
1940 2374 2112 2417 mane
2151 2370 2395 2420 car-102

256 2446 531 2527 minabis,
578 2448 629 2508 si
675 2446 804 2506 dies
851 2448 1182 2527 minuetur,
1229 2448 1281 2505 si
1327 2463 1471 2527 nox,
1517 2444 1589 2504 ad
1638 2462 1942 2525 vesperam
1991 2455 2051 2506 et
2097 2445 2284 2524 digito

168 2551 227 2592 25
257 2534 595 2596 medicinali
651 2553 719 2595 ac
772 2534 987 2615 pollice
1044 2537 1357 2595 continens
1412 2551 1511 2593 eas
1568 2533 1763 2594 dices:
1835 2532 2057 2594 Novem
2123 2533 2284 2612 glan-

257 2623 433 2685 dulae
489 2641 754 2705 sorores,
810 2632 944 2684 octo
1004 2622 1315 2702 glandulae
1370 2639 1635 2703 sorores,
1691 2631 1919 2700 septem
1975 2621 2287 2700 glandulae

255 2730 518 2792 sorores,
562 2731 669 2772 sex
713 2711 1023 2791 glandulae
1069 2729 1328 2792 sororeS,
1376 2713 1639 2790 quinque
1681 2709 1991 2788 glandulae
2029 2728 2288 2792 sorores,

257 2809 547 2880 quattuor
588 2800 899 2880 glandulae
957 2793 1222 2882 sor'ores,
1279 2809 1403 2860 tres
1449 2798 1760 2878 glandulae
1806 2817 2077 2881 sororeS,
2133 2800 2287 2861 duae

256 2889 570 2967 glandulae
618 2907 883 2970 sorores,
939 2907 1057 2950 una
1103 2888 1379 2967 glandula
1424 2905 1622 2967 soror,
1670 2905 1881 2948 novem
1927 2887 2080 2948 fiunt
2123 2888 2286 2966 glan-

171 2993 228 3033 so
257 2977 461 3059 dulae,
516 2984 649 3039 octo
706 2979 858 3039 flunt
912 2977 1250 3057 glandulae,
1308 2984 1536 3056 septem
1594 2977 1745 3037 fiunt
1789 2975 2125 3058 glandulae,
2182 2996 2287 3040 sex

257 3066 414 3128 fiunt
466 3065 801 3148 glandulae,
857 3069 1122 3146 quinque
1177 3067 1330 3128 fiunt
1385 3064 1722 3147 glandulae,
1788 3072 2071 3144 quattuor
2135 3067 2288 3129 fiunt

254 3155 595 3233 glandulae,
641 3161 768 3216 tres
812 3156 967 3216 flunt
1011 3154 1349 3234 glandulae,
1394 3153 1544 3213 duae
1591 3154 1751 3214 fiunt
1793 3153 2120 3236 glandulae,
2166 3174 2287 3217 una

254 3244 326 3304 fit
371 3242 664 3325 glandula,
709 3243 871 3305 nulla
916 3244 983 3304 fit
1029 3242 1320 3321 glandula.
1474 3251 1479 3258 ’

435 3332 525 3392 Ad
568 3350 656 3412 ea,
703 3350 854 3411 quae
902 3331 1173 3393 faucibus
1220 3328 1633 3412 inhaerebunt,
1678 3331 2026 3392 remedium.
2098 3331 2163 3391 Si
2208 3349 2276 3392 os
2290 3343 2395 3393 103

166 3436 225 3477 ss
253 3430 362 3482 aut
407 3423 587 3481 arista
632 3420 894 3482 haeserit
938 3420 1126 3501 gulae,
1171 3420 1266 3481 vel
1311 3422 1459 3501 ipse,
1506 3422 1606 3479 cui
1650 3420 1951 3500 acciderit,
1997 3420 2088 3479 vel
2135 3418 2286 3481 alius

321 3667 338 3684 l
403 3614 437 3664 8
473 3607 716 3679 xiphiae.
860 3613 928 3664 35
965 3608 1285 3680 paniculas]
1323 3605 1591 3678 paranici.
1735 3605 2001 3662 aeederit.
