2575 4092
1011 245 1452 310 ..69-

207 400 339 467 tum
395 424 537 467 sane
595 406 805 468 eodem
852 406 983 468 loco
1029 410 1092 468 in
1140 427 1258 488 quo
1306 411 1540 489 ceperis
1585 409 1875 491 dimittes,
1929 409 2021 472 vel
2067 413 2247 472 etiam

208 498 262 557 si
309 498 659 574 sanguinem
713 496 785 557 de
832 495 1022 558 oculis
1068 499 1197 560 eius
1245 498 1374 559 lana
1425 498 1640 560 munda
1688 500 1948 579 excipias
1997 517 2246 580 eamque

207 584 527 665 phoenicio
566 584 879 647 convolvas
918 585 1190 666 colloque
1227 588 1574 669 suspendas,
1614 589 1801 649 uteris
1832 587 2247 650 efficacissimo

209 673 526 735 adversum
575 672 887 735 oculorum
931 674 1197 736 dolorem
1244 676 1525 737 remedio.
1601 676 1811 738 Cancri
1858 677 2069 738 oculus
2106 676 2242 738 sub·
2282 690 2349 738 δι

156 782 183 823 5
212 763 398 824 tiliter
465 761 734 824 sublatus
798 771 859 825 et
921 765 985 824 in
1049 764 1365 844 phoenicio
1421 764 1753 845 conligatus
1816 765 2087 846 colloque
2148 784 2244 827 su·

212 870 472 932 spensus
509 851 849 932 lippitudini
888 854 1196 933 incipienti
1236 853 1527 934 medetur,
1574 857 1624 915 si
1671 862 1868 916 tamen
1916 854 2245 916 remedium

210 960 242 1001 a
290 949 459 1002 casto
505 940 745 1002 homine
791 942 909 1003 flat.
992 941 1077 1004 De
1123 960 1301 1004 manu
1349 945 1589 1005 sinistra
1637 961 1903 1005 muscam
1950 945 2148 1024 capies
2186 952 2246 1006 et
2283 954 2351 1004 52

209 1030 356 1091 dum
395 1031 595 1110 capies
632 1029 831 1091 dicere
871 1030 1116 1092 debebis
1143 1049 1359 1093 nomen
1389 1034 1535 1114 eius,
1573 1034 1672 1094 cui
1698 1032 2030 1094 remedium
2060 1032 2243 1094 factu·

209 1137 319 1180 rus
366 1137 449 1200 es,
495 1126 556 1179 te
593 1120 664 1180 ad
702 1120 999 1181 curandos
1037 1120 1241 1182 oculos
1279 1123 1411 1183 eius
1448 1139 1712 1182 muscam
1750 1122 2072 1202 prendere3
2118 1131 2246 1183 tum

130 1228 181 1267 10
210 1210 402 1268 vivam
470 1225 598 1268 eam
657 1207 867 1287 ligabis
920 1211 984 1271 in
1041 1209 1223 1270 linteo
1284 1217 1345 1270 et
1400 1211 1729 1289 suspendes
1784 1210 1935 1272 collo
1990 1210 2247 1272 dolentis

209 1299 332 1358 nec'
364 1303 528 1357 retro
567 1299 871 1378 respicies.
932 1299 1019 1359 Ad
1058 1298 1377 1379 epiphoras
1413 1298 1723 1361 oculorum
1756 1300 2047 1361 sedandas
2084 1298 2246 1360 lima·
2284 1311 2352 1360 53

210 1405 313 1446 ces
373 1385 692 1464 conplures
747 1394 876 1447 tere
935 1389 995 1448 in
1053 1389 1337 1449 mortario
1391 1406 1544 1450 novo
1600 1387 1693 1449 vel
1739 1388 1927 1450 nitido
1975 1398 2033 1450 et
2080 1388 2245 1450 adice

208 1474 294 1535 ibi
343 1492 518 1535 ovum
556 1474 942 1553 gallinaceum
990 1478 1293 1538 incoctum
1341 1484 1400 1538 et
1448 1479 1650 1555 tingue
1697 1476 1818 1540 illic
1863 1477 2054 1538 lanam
2093 1479 2246 1539 suci-

212 1565 346 1625 dam
395 1572 455 1624 et
503 1564 684 1625 fronti
729 1567 966 1644 inpone.
1042 1565 1128 1626 Ad
1177 1565 1494 1646 epiphoras
1541 1566 1850 1627 oculorum
1896 1564 2122 1646 pultem
2168 1565 2247 1626 fa·
2284 1577 2355 1627 54

133 1672 186 1713 ιε
214 1653 447 1714 baciam
493 1655 620 1715 sine
669 1652 816 1736 sale,
874 1656 1001 1715 sine
1046 1653 1169 1715 ullo
1215 1664 1426 1735 uncto,
1472 1655 1731 1734 tepidam
1778 1654 2017 1717 linteolo
2064 1653 2247 1715 inline

215 1751 277 1804 et
333 1742 525 1803 oculis
581 1741 654 1803 de
711 1751 887 1804 nocte
939 1745 1187 1824 inpone,
1241 1746 1322 1804 ita
1377 1752 1445 1805 ut
1500 1761 1619 1804 non
1677 1742 1908 1824 alliges,
1964 1744 2248 1804 continuo

211 1832 414 1902 fervor
458 1832 702 1893 recedit.
774 1830 852 1893 Ut
888 1835 1129 1894 omnino
1167 1850 1286 1894 non
1324 1830 1555 1913 lippias,
1591 1849 1729 1893 cum
1768 1831 1998 1892 stellam
2036 1831 2248 1893 cadere
2285 1841 2352 1892 55

212 1919 308 1981 vel
347 1928 760 1982 transcurrere
798 1920 1034 2003 videris,
1072 1939 1322 1984 numera
1359 1929 1419 1982 et
1453 1920 1730 1983 celeriter
1756 1938 2021 2002 numera,
2059 1920 2248 1984 donec

214 2028 279 2071 se
324 2010 568 2091 condat;
614 2018 703 2070 tot
741 2012 897 2072 enim
954 2013 1142 2092 annis,
1190 2018 1337 2091 quot
1383 2012 1807 2092 numeraveris,
1854 2028 1971 2071 non
2018 2009 2247 2090 lippies.

128 2118 182 2158 20
213 2098 299 2159 Ad
351 2098 769 2179 lippitudinem
816 2102 974 2161 inter
1017 2102 1312 2179 principia
1351 2099 1666 2161 sedandam
1715 2102 1777 2161 in
1823 2099 2086 2161 chartam
2135 2101 2248 2161 vir-
2285 2108 2354 2161 56

208 2191 411 2268 ginem
451 2187 644 2250 scribe
684 2191 903 2269 ουβαικ
942 2197 1001 2250 et
1038 2188 1192 2270 licio,
1232 2188 1390 2268 quod
1428 2191 1491 2250 in
1538 2188 1655 2250 tela
1697 2189 1896 2271 fuerit,
1943 2187 2094 2250 collo
2141 2186 2248 2267 lip-

208 2278 432 2357 pientis
479 2279 737 2339 innecte.
823 2278 1119 2358 Incipiens
1166 2277 1458 2358 lippitudo
1503 2278 1754 2339 mirifice
1803 2287 1863 2338 et
1909 2279 2037 2339 sine
2085 2276 2254 2339 dubi·
2283 2287 2350 2337 67

209 2368 438 2427 tatione
510 2365 867 2445 depelletur,
932 2369 983 2427 si
1037 2369 1099 2428 in
1156 2367 1361 2428 charta
1417 2368 1645 2446 virgine
1702 2366 1928 2427 scribas
1984 2376 2044 2427 et
2098 2364 2249 2426 collo

212 2454 474 2515 dolentis
527 2454 663 2516 licio
722 2455 1076 2535 suspendas:
1141 2477 1499 2535 φυρφαραν,
1566 2463 1628 2516 et
1679 2455 1794 2515 hoc
1850 2454 2251 2534 praeligamen

127 2562 179 2604 25
210 2562 405 2623 purus
463 2552 661 2605 castus
720 2544 917 2605 facias.
1009 2543 1135 2605 Hoc
1187 2546 1364 2606 etiam
1412 2543 1741 2605 remedium
1788 2543 2118 2605 indubitate
2163 2545 2251 2603 in·
2288 2552 2357 2603 58

211 2642 390 2713 petus
422 2632 751 2713 oculorum,
782 2635 837 2693 si
860 2635 1223 2713 praeveniaS,
1251 2631 1611 2714 prohibebit,
1640 2635 1929 2712 scriptum
1958 2634 2020 2693 in
2049 2631 2252 2693 charta

214 2724 473 2801 virgine:
521 2725 742 2803 ρουβρς
784 2743 1099 2802 ρνοπειρας
1144 2716 1340 2801 ἠέλιος
1383 2716 1451 2795 ’ὃς
1495 2716 1661 2783 πάντ’
1703 2720 1893 2806 ἐφορᾷ
1938 2719 2038 2783 καὶ
2082 2715 2247 2782 πάντ’

211 2807 526 2889 ἐπακούει,
581 2811 738 2890 quod
797 2811 868 2871 ad
927 2810 1142 2872 collum
1202 2810 1457 2872 dolentis
1513 2809 1650 2871 licio
1708 2811 1994 2888 suspendi
2049 2808 2253 2889 debet3

211 2899 319 2960 sed
380 2909 442 2960 et
501 2906 772 2978 coeptam
830 2909 1007 2979 atque
1054 2902 1441 2961 inveteratam
1489 2898 1903 2978 lippitudinem
1953 2898 2146 2979 sedat,
2202 2899 2254 2958 si

132 3005 183 3046 so
210 2990 272 3049 in
351 2988 625 3049 faciendo
699 3007 767 3048 ac
842 2989 1220 3069 suscipiendo
1287 2988 1707 3067 praeligamine
1772 2988 2114 3050 castimonia
2181 2985 2253 3047 ab

210 3085 474 3156 utroque
532 3084 822 3138 servetur.
914 3077 981 3138 In
1046 3077 1274 3138 lamella
1344 3095 1523 3138 aurea
1579 3095 1691 3138 acu
1745 3094 1963 3155 cuprea
2026 3074 2253 3137 scribes
2292 3086 2360 3137 59

212 3190 375 3246 ορυω
434 3166 679 3245 ουρωδη
738 3175 798 3226 et
854 3165 1023 3227 dabis
1078 3166 1170 3227 vel
1227 3165 1558 3245 suspendes
1614 3184 1686 3226 ex
1739 3166 1875 3226 licio
1942 3164 2092 3227 collo
2157 3183 2253 3244 ge-

215 3254 495 3316 standum
542 3254 941 3335 praeligamen
989 3257 1045 3315 ei
1092 3258 1195 3335 qui
1243 3256 1470 3337 lippiet,
1517 3254 1674 3334 quod
1722 3262 2000 3333 potenter
2045 3261 2105 3315 et
2152 3253 2254 3314 diu

215 3342 452 3426 valebit,
490 3346 542 3405 si
582 3342 891 3405 observata
929 3346 1198 3406 castitate
1238 3344 1334 3406 die
1366 3343 1539 3405 lunae
1579 3343 1721 3405 illud
1754 3344 1932 3405 facias
1962 3350 2023 3403 et
2050 3359 2254 3422 ponas,

358 3486 394 3534 4
430 3479 758 3534 remedium.
905 3485 937 3533 5
976 3495 1293 3550 suspensos.
1433 3485 1462 3533 7
1502 3479 1762 3534 mulcam.
1913 3486 1974 3532 11
2016 3475 2250 3531 limices.

218 3556 287 3605 20
323 3548 684 3621 lipitudinem
867 3550 1082 3621 charta,
1116 3552 1211 3606 sed
1244 3551 1538 3621 virginem.
1724 3555 1793 3604 24
1831 3547 2248 3618 praelegamen.

221 3624 288 3675 25
327 3624 501 3677 casto.
649 3627 715 3675 27
758 3621 953 3690 Odyss.
991 3620 1085 3691 XI,
1127 3627 1245 3677 109.
