2575 4092
1078 266 1151 276 —
1252 230 1556 293 140-—

258 418 264 425 ·
301 392 373 454 ad
412 392 785 473 paralyticos,
822 393 895 454 ad
934 411 1054 476 eos,
1093 394 1199 472 qui
1234 411 1308 453 ex
1344 392 1719 453 incommodo
1758 400 2042 472 tremunt,
2081 391 2151 453 ad
2194 410 2330 453 nes-

299 483 470 564 ciam,
517 482 588 542 ad
636 481 1012 562 hydropicos,
1059 481 1131 542 ad
1178 481 1667 562 opisthotonicos,
1714 482 1785 542 ad
1832 481 2055 560 pedum
2095 480 2331 542 subitos

298 571 536 631 dolores
585 570 676 631 vel
721 571 1075 650 gravidines,
1121 571 1194 632 ad
1240 571 1446 649 longas
1491 572 1788 631 viscerum
1835 588 2046 631 causas
2092 569 2184 630 vel
2225 571 2329 631 do-

297 660 483 736 lores,
543 660 616 720 ad
675 658 994 740 pthisicoS,
1050 660 1120 720 ad
1171 660 1456 737 inediam,
1511 659 1584 720 ad
1639 659 1838 741 lieniS,
1895 660 1967 720 ad
2022 660 2210 739 epatis
2268 669 2333 721 et

299 749 372 810 ad
410 751 831 810 intestinorum
876 748 1132 829 doloreS,
1179 748 1251 809 ad
1299 749 1581 810 duritiam
1628 767 1865 828 quoque
1912 750 2102 829 epatis
2143 749 2328 809 resol-
2358 766 2390 808 5

297 837 567 919 vendam,
613 838 687 898 ad
724 845 931 917 partus
973 837 1389 918 extrahendos,
1437 839 1542 917 qui
1588 845 1725 899 ante
1761 840 2163 899 maturitatem
2201 837 2330 898 fue·

299 929 422 988 rint
470 928 718 1007 enecati,
766 934 828 987 et
875 929 928 986 si
966 926 1111 1006 quid
1158 934 1294 1005 post
1341 934 1577 1006 partum
1615 926 1908 987 resederit
1946 925 2330 988 evocandum.

298 1015 469 1087 Quod
506 1015 1004 1076 medicamentum
1043 1015 1115 1076 ab
1152 1013 1522 1094 Eutychiano
1561 1015 1858 1076 archiatro
1904 1018 2162 1095 primum
2210 1022 2331 1077 tra-

298 1105 486 1166 ditum
535 1105 742 1164 fertur.
834 1103 1018 1165 Cuius
1065 1105 1389 1183 descriptio
1445 1103 1608 1166 talis:
1683 1104 1946 1165 Storacis
2000 1101 2157 1184 drag.
2203 1102 2333 1186 1111,

297 1196 405 1254 iris
425 1192 691 1273 Illyricae
712 1189 872 1271 drag.
890 1192 1013 1273 1111,
1040 1193 1380 1273 hyoscyami
1398 1192 1559 1272 drag.
1578 1192 1620 1274 I,
1649 1196 2007 1273 opopanacis
2027 1189 2186 1271 drag.
2202 1192 2332 1275 1111,
2363 1213 2421 1252 1o

298 1299 529 1362 myrrae
559 1280 970 1362 troglodytidis
1000 1282 1159 1362 drag.
1188 1280 1316 1362 1111,
1348 1284 1579 1343 resinae
1610 1281 2043 1344 terebinthinae
2072 1283 2228 1361 drag.
2258 1283 2332 1366 ll,

297 1373 522 1450 piperis
577 1369 695 1430 albi
751 1368 912 1448 drag.
959 1370 1094 1451 XII,
1150 1371 1425 1431 afronitri
1481 1369 1640 1450 drag.
1692 1370 1799 1454 XI,
1855 1374 1978 1452 opii
2032 1368 2191 1452 drag.
2232 1371 2331 1454 XI,

298 1459 533 1539 galbani
560 1455 721 1538 drag.
752 1459 875 1521 1111.
930 1459 1090 1520 Haec
1127 1462 1324 1520 omnia
1361 1460 1812 1539 diligentissime
1842 1469 2034 1543 tunsa,
2071 1462 2333 1523 cribrata

299 1557 360 1629 et
413 1551 581 1630 trita,
639 1557 707 1609 ut
762 1551 1125 1628 permiscere
1181 1567 1248 1609 se
1295 1551 1552 1628 possint,
1604 1567 1755 1629 aqua
1802 1550 1987 1611 nitida
2032 1552 2097 1610 in
2144 1569 2331 1612 unum

300 1637 560 1716 colliges,
607 1640 689 1698 ita
738 1647 805 1700 ut
851 1646 1145 1699 storacem
1192 1647 1253 1698 et
1297 1637 1611 1716 galbanum
1660 1641 1977 1717 separatim
2016 1648 2151 1701 ante
2189 1659 2330 1701 con·
2361 1656 2421 1698 15

299 1727 540 1809 tundas3
607 1745 758 1806 quae
825 1727 1003 1788 simul
1062 1727 1309 1788 confusa
1373 1745 1524 1806 aqua
1584 1727 1827 1805 colliges
1883 1734 1945 1788 et
1999 1729 2333 1789 trochiscos

299 1815 373 1875 ad
419 1834 763 1877 mensuram
809 1815 966 1876 oboli
1013 1816 1194 1877 facies
1243 1823 1305 1876 et
1351 1833 1488 1877 cum
1534 1818 1939 1877 necessarium
1994 1817 2200 1900 fuerit,
2257 1835 2333 1877 ex

301 1922 452 1983 aqua
491 1904 677 1965 calida
714 1903 1005 1966 bibendos
1044 1903 1212 1966 dabis
1241 1923 1377 1966 cum
1409 1904 1636 1984 cyathis
1666 1905 1861 1966 tribus
1889 1913 2112 1989 ternos,
2149 1913 2334 1986 prout

298 2001 459 2054 aetas
505 2002 609 2054 aut
655 1994 843 2055 virtus
892 1994 1089 2053 suerit.

1153 2186 1312 2247 CAP.
1356 2186 1474 2248 XV.

296 2299 407 2354 Ad
452 2298 765 2367 anginam
808 2299 922 2354 vel
966 2299 1359 2366 synanchen
1408 2301 1478 2354 et
1523 2301 1820 2354 strumas
1876 2302 1945 2355 et
1987 2302 2336 2370 parotidas

298 2389 368 2441 et
411 2390 722 2442 reumata
776 2390 846 2441 et
891 2386 1252 2455 glandulas
1297 2387 1413 2442 vel
1455 2387 1718 2442 tosillas
1774 2390 1844 2442 et
1887 2389 1978 2443 ad
2024 2403 2103 2445 ea
2149 2404 2336 2460 quae

295 2474 615 2531 faucibus
659 2475 1003 2531 haeserint
1048 2476 1396 2531 evocanda
1442 2476 1744 2531 remedia
1783 2476 2213 2535 rationabilia
2259 2484 2338 2536 et

687 2564 969 2633 physica
1005 2563 1272 2619 diversa
1311 2564 1398 2619 de
1437 2563 1940 2633 experimentis.

229 2714 258 2760 1
475 2700 739 2778 Anginae
778 2700 1023 2778 prodest
1059 2702 1365 2777 sanguinis
1402 2699 1708 2782 detractio,
1746 2701 2194 2763 cucurbitarum
2228 2704 2331 2764 ad·
2358 2722 2417 2761 so

297 2787 510 2850 hibitio
558 2797 875 2867 ceteraque
915 2785 1150 2869 auxilia,
1197 2788 1418 2868 quibus
1455 2789 1671 2850 medici
1708 2791 2009 2852 efficacius
2045 2800 2330 2875 utuntur3

295 2878 724 2938 medicamenta
780 2885 981 2937 autem
1035 2876 1326 2955 simplicia
1380 2877 1526 2938 haec
1590 2886 1752 2938 recte
1819 2879 2068 2940 faciunt:
2141 2880 2332 2942 Laser

297 2964 685 3045 Cyrenaicum
741 2985 893 3046 aqua
949 2966 1202 3027 dilutum
1261 2967 1522 3027 crassius
1589 2985 1697 3046 per
1751 2969 1992 3048 pinnam
2052 2969 2328 3032 saucibus

296 3052 627 3115 adhibitum
674 3055 764 3115 vel
811 3053 1208 3133 euphorbium
1265 3073 1417 3134 aqua
1476 3054 1729 3116 dilutum
1786 3056 2059 3118 similiter
2104 3060 2329 3138 inposi-

223 3156 256 3204 2
294 3151 441 3204 tum.
508 3143 996 3223 Conpositionum
1044 3153 1241 3205 autem
1291 3143 1435 3204 haee
1483 3151 1624 3204 sunt
1661 3152 1822 3224 apta:
1867 3145 2047 3207 Fellis
2085 3151 2327 3232 taurini,
2355 3164 2412 3206 25

437 3319 469 3368 2
507 3313 819 3384 ydropicos.
1000 3321 1034 3369 4
1071 3314 1145 3368 ad
1180 3313 1372 3386 lienis]
1414 3313 1719 3374 vel.lienis.
1887 3318 2071 3386 epatis
2108 3319 2237 3373 item
2275 3325 2326 3375 5.

295 3391 327 3438 9
366 3386 657 3439 storachis.
839 3391 908 3441 10
942 3385 1231 3456 yosciami.
1416 3391 1480 3439 11
1520 3386 1920 3443 terebentinae.
2094 3393 2162 3442 14
2200 3407 2329 3459 per-

292 3455 528 3511 miscere
566 3456 652 3528 se]
688 3456 1015 3527 permisceri
1051 3456 1202 3512 inter
1236 3472 1298 3511 se
1338 3455 1657 3512 Gor-narius.
1806 3465 1870 3513 15
1909 3461 2243 3515 storachem.

434 3529 520 3584 tit.
559 3529 900 3584 sinanchem.
1047 3528 1119 3582 ad
1156 3534 1283 3582 ante
1320 3544 1390 3582 ea
1424 3544 1524 3582 om.

436 3604 504 3653 23
544 3599 900 3668 cyrinaicum.
1045 3604 1115 3653 24
1151 3598 1442 3654 adhibitur
1478 3600 1619 3669 (sic).
