2575 4092
1144 288 1214 297 —
1317 249 1625 316 358—

261 426 363 477 108
376 414 528 476 facta
575 416 629 475 si
672 413 933 474 clavellis
970 412 1262 495 alligetur,
1302 415 1451 473 mire
1488 412 1773 493 proderit.
1839 411 2049 473 Salicis
2090 430 2399 474 ramorum

367 505 695 583 primorum
742 502 835 563 vel
882 520 1249 563 summorum
1298 503 1554 563 cortices
1591 508 1944 581 exuruntur,
1992 518 2197 561 earum
2241 502 2396 561 cinis

367 610 505 653 cum
551 610 701 671 aqua
748 593 1062 671 impositus
1108 590 1370 652 clavellis
1416 590 1729 651 confestim
1780 588 2070 651 medetur.

263 692 364 742 109
543 680 686 741 Beta
734 698 869 742 cum
916 679 1089 742 melle
1136 687 1196 741 et
1241 697 1380 741 cum
1423 678 1543 740 ficu
1580 678 1741 740 arida
1780 685 2031 738 contusa
2067 685 2248 757 atque
2286 680 2395 739 im-

366 770 558 848 posita
607 768 880 830 medetur
929 767 1215 830 articulis.
2442 786 2466 826 5
2544 785 2545 792 ¹

261 870 364 919 110
543 856 631 917 Ad
687 859 943 939 spinam,
1000 875 1149 938 quae
1206 859 1446 936 corpori
1502 856 1737 918 etiamsi
1789 857 1850 917 in
1908 854 2207 934 profundo
2258 855 2395 915 hae·

367 948 532 1028 serit,
580 945 942 1007 avellendam
988 945 1320 1008 remedium
1368 945 1575 1006 efficax
1613 946 1727 1007 sic:
1772 944 2008 1006 Florem
2046 946 2286 1024 cineriS,
2337 944 2395 1005 id

367 1044 460 1096 est
497 1037 897 1096 summitatem
937 1034 1182 1114 favillae,
1221 1033 1464 1113 colliges
1502 1033 1857 1095 nitidissime
1887 1040 2111 1094 etcum
2141 1037 2397 1112 axungia

367 1132 613 1185 contusa
660 1122 939 1183 miscebis
985 1129 1161 1201 atque
1209 1122 1280 1183 ad
1330 1122 1554 1203 locum,
1606 1125 1669 1183 in
1727 1140 1845 1202 quo
1893 1124 2060 1201 spina
2115 1121 2398 1203 haeserit,

365 1211 577 1274 leviter
622 1210 914 1293 alligabis3
961 1213 1161 1272 statim
1208 1220 1312 1272 aut
1357 1213 1588 1290 spinam
1634 1213 1823 1290 ipsam
1871 1210 2128 1272 extrahit
2166 1218 2274 1272 aut
2311 1214 2392 1272 ita
2419 1232 2468 1271 10

366 1299 437 1360 ad
486 1301 885 1361 summitatem
933 1301 1090 1361 cutis
1136 1298 1369 1379 educet,
1418 1307 1484 1361 ut
1529 1298 1699 1360 facile
1745 1301 1936 1380 possit
1982 1298 2168 1360 avelli.

1162 1494 1321 1556 CAP.
1368 1492 1596 1555 XXXV.

362 1608 745 1663 Nervorum
798 1605 978 1661 vitiis
1042 1618 1121 1662 ao
1175 1606 1528 1663 doloribus
1576 1605 1892 1662 omnibus
1939 1568 2007 1662 et
2051 1605 2394 1662 arthritidi

365 1707 443 1751 ao
477 1694 774 1764 paralysi
811 1696 881 1749 et
916 1694 1270 1751 doloribus
1300 1694 1762 1751 medullarum
1787 1694 2085 1750 remedia
2111 1694 2394 1764 physica

617 1786 688 1838 et.
731 1782 1155 1839 rationabilia
1199 1783 1465 1839 diversa
1510 1784 1595 1839 de
1642 1781 2141 1853 experimentis.

295 1930 321 1978 1
538 1917 749 1980 Nervis
804 1926 865 1980 et
920 1918 1221 1980 arthritidi
1276 1920 1458 1999 adeps
1513 1919 1811 1980 vulturina
1870 1936 2007 1979 cum
2053 1918 2187 1979 felle
2236 1921 2392 1980 eius·

365 2007 500 2070 dem
547 2016 607 2068 et
653 2027 789 2069 cum
838 2010 1089 2086 axungia
1130 2015 1330 2069 vetere
1369 2027 1435 2069 ac
1475 2007 1646 2069 melle
1684 2007 2049 2086 malagmatis
2086 2025 2254 2069 more
2292 2008 2390 2068 ad·

292 2107 325 2156 2
365 2099 559 2176 posita
615 2096 908 2158 medetur.
1000 2096 1333 2158 Nervorum
1389 2097 1560 2158 nodis
1616 2098 1829 2175 capitis
1883 2097 2140 2175 viperini
2193 2100 2391 2158 exusti

366 2188 517 2246 einis
563 2202 701 2245 eum
746 2185 875 2246 oleo
923 2187 1169 2263 cyprino
1217 2186 1525 2264 adpositus
1571 2184 1894 2263 plurimum
1941 2185 2202 2264 prodest.
2417 2206 2466 2248 ιε

295 2286 327 2334 3
544 2273 840 2333 Tremulis
879 2280 940 2333 et
977 2271 1194 2351 quibus
1231 2277 1403 2335 nervi
1436 2274 1661 2334 infirmi
1696 2280 1837 2334 sunt
1874 2273 2019 2334 utile
2059 2280 2152 2333 est
2185 2272 2390 2334 holera

365 2379 501 2422 eum
557 2378 709 2439 aqua
764 2360 1170 2422 tantummodo
1227 2363 1470 2423 decocta
1528 2380 1664 2422 cum
1719 2380 1871 2441 pane
1926 2361 2284 2423 manducare
2331 2372 2391 2423 et

365 2449 496 2510 oleo
544 2451 843 2509 castorino
889 2448 951 2510 in
998 2448 1209 2511 balneo
1256 2451 1502 2512 adsidue
1548 2452 1821 2529 perungi.

292 2550 327 2598 4
542 2537 764 2598 Ranam
823 2538 1122 2599 rubetam.
1150 2547 1210 2599 et
1265 2538 1458 2619 adipis
1514 2542 1752 2599 ursinae
1809 2573 1897 2583 --
1943 2538 2023 2598 111
2081 2556 2217 2599 cum
2275 2538 2390 2599 olei

364 2629 582 2688 veteris
639 2627 912 2688 sextariis
967 2626 1161 2689 tribus
1218 2629 1280 2688 in
1329 2628 1440 2689 olla
1486 2628 1623 2688 rudi
1668 2626 1739 2688 ad
1785 2627 2010 2689 medias
2056 2626 2388 2709 decoquito,
2414 2650 2462 2690 πο

363 2716 578 2776 deinde
624 2716 842 2797 colato;
886 2715 1036 2777 haec
1084 2719 1286 2778 unctio
1335 2717 1678 2796 frequenter
1724 2716 1984 2777 adhibita
2030 2734 2151 2776 non
2198 2716 2387 2791 solum

362 2823 579 2865 nervos
626 2805 955 2884 confirmat,
1002 2804 1107 2865 sed
1154 2813 1217 2865 et
1259 2803 1557 2884 paralysin
1603 2803 1840 2883 repellit
1888 2812 1948 2866 et
1992 2807 2282 2884 reprimit.

291 2906 323 2955 5
541 2892 822 2972 Malagma
861 2895 1038 2955 etiam
1079 2893 1149 2953 ad
1189 2893 1508 2973 podagram
1548 2905 1607 2954 et
1635 2893 1934 2954 arthritim
1963 2900 2022 2953 et
2051 2893 2121 2953 ad
2153 2912 2384 2954 omnem

362 2981 628 3043 dolorem
686 2991 746 3043 et
801 2984 1131 3043 tensionem
1179 3000 1498 3042 nervorum
1547 2984 1659 3043 sic:
1723 2982 2139 3043 Ammoniacae
2187 2990 2383 3061 guttae

361 3069 423 3131 P.
465 3069 517 3151 1,
564 3088 735 3130 cerae
781 3070 844 3130 P.
884 3070 936 3151 1,
982 3072 1268 3149 axungiae
1315 3072 1534 3132 veteris
1580 3070 1641 3130 P.
1685 3069 1743 3150 S,
1791 3069 1908 3130 olei
1952 3072 2171 3131 veteris
2215 3070 2281 3133 P.
2315 3069 2383 3152 11,
2408 3091 2456 3133 25

362 3158 477 3219 olei
533 3158 764 3220 cedrini
806 3158 870 3219 P.
908 3159 959 3238 Ι,
1015 3162 1245 3220 rosacei
1300 3167 1405 3219 aut
1448 3161 1589 3219 irini
1636 3158 1752 3219 olei
1796 3158 1859 3219 P.
1899 3158 1951 3237 Ι,
2012 3162 2176 3220 croci
2221 3193 2306 3203 -
2339 3158 2382 3240 Ι,

361 3249 518 3308 Assii
572 3247 785 3327 lapidis
842 3280 925 3289 —
975 3246 1027 3329 Ι,
1084 3265 1316 3327 myrrae
1376 3280 1454 3291 —-
1506 3247 1558 3326 Ι,
1615 3247 1949 3326 aphronitri
2004 3251 2382 3310 semunciam.

360 3336 429 3396 In
474 3336 685 3414 patella
732 3354 882 3397 nova
928 3335 1194 3415 liquefiat
1239 3338 1491 3416 axungia
1539 3344 1599 3397 et
1646 3354 1782 3397 cera
1829 3354 1965 3397 cum
2014 3335 2144 3397 oleo
2188 3344 2379 3398 vetere

542 3549 570 3596 1
610 3540 830 3623 salicis]
865 3542 935 3608 cf.
965 3541 1115 3597 Ptin.
1144 3559 1200 3597 n.
1229 3544 1282 3597 h.
1312 3548 1412 3611 24,
1445 3548 1530 3598 56.
1749 3547 1815 3596 12
1853 3541 2027 3610 adeps
2068 3541 2379 3598 vulturinus

360 3610 514 3666 Plin.
660 3618 727 3667 26
765 3612 920 3683 irini]
958 3613 1176 3682 cyprini
1211 3613 1461 3670 Scribon.
