2575 4092
966 211 1270 275 -207
1372 247 1447 257 —

195 371 391 433 tribus
438 372 532 432 vel
570 380 850 452 quattuor
889 381 948 433 et
984 381 1189 453 postea
1228 373 1397 434 dabis
1434 376 1738 453 potionem
1776 375 1998 436 calidae
2037 393 2224 456 aquae

195 466 256 520 et
293 480 430 522 cum
460 462 715 543 dederiS,
753 464 1011 542 accipies
1041 463 1335 523 mercedis
1364 463 1809 545 quodcumque3
1845 465 2019 525 multi
2047 467 2224 545 enim,

195 552 298 627 qui
336 553 455 611 cito
496 553 691 613 curati
727 559 884 631 sunt,
921 552 1139 629 ingrati
1175 554 1519 632 extiterunt,
1556 560 1802 631 propter
1836 554 1995 633 quod
2026 556 2225 632 ipsum

195 642 530 702 antidotum
575 640 938 701 acharistum
985 640 1332 719 appellatur.

140 743 167 784 5
373 729 767 811 Oxyporium,
825 729 981 808 quod
1031 730 1252 790 dicitur
1299 730 1662 811 chymation,
1718 731 1859 791 facit
1912 731 1984 792 ad
2031 730 2223 792 calcu·

192 821 417 882 lolosos
473 825 535 879 et
591 818 662 878 ad
720 822 956 879 renium
1005 818 1270 878 dolorem
1310 827 1370 879 et
1408 819 1481 879 ad
1517 819 1881 879 inflationem
1919 819 2227 901 stomachi,

193 909 608 989 phlegmaticis
655 925 892 986 quoque
938 907 1185 986 prodest
1231 914 1293 967 et
1329 908 1551 988 coliciS,
1598 907 1701 968 sed
1741 917 1802 968 et
1837 910 2128 969 tortiones
2165 917 2227 968 et

192 996 685 1059 haemorrhoidas
730 1005 901 1057 curat
946 1002 1007 1056 et
1054 1014 1204 1075 quae
1249 998 1315 1057 in
1360 1015 1474 1057 ano
1516 1006 1873 1078 nascuntur3
1919 999 2229 1075 restringit

193 1096 255 1149 et
310 1092 621 1147 menstrua
676 1087 858 1146 nimia
914 1093 975 1146 et
1031 1086 1294 1164 epaticos
1350 1095 1410 1147 et
1466 1086 1810 1165 spleniticos
1862 1095 1922 1147 et
1967 1088 2227 1147 tussicos

112 1189 164 1229 1⁰
193 1176 517 1238 solitaneos
572 1183 744 1235 curat
788 1181 849 1234 et
903 1174 1124 1235 cadivis
1179 1174 1450 1255 prodest,
1506 1178 1723 1255 accipit
1776 1176 1951 1236 haec:
2024 1175 2226 1236 Inulae

194 1298 277 1310 -
320 1264 363 1346 1,
410 1264 654 1324 feniculi
700 1265 945 1324 seminis
991 1295 1075 1306 -—
1113 1261 1211 1342 111,
1257 1266 1483 1343 piperis
1529 1266 1687 1342 nigri
1728 1297 1805 1308 —
1839 1263 1909 1326 ΙΙ.
1983 1263 2226 1325 Tundes

186 1355 341 1415 haec
380 1354 699 1432 separatim
737 1360 797 1412 et
833 1351 1127 1412 cribrabis
1161 1352 1315 1413 bene
1355 1361 1415 1413 et
1452 1354 1732 1413 conficies
1768 1353 1863 1413 vel
1902 1355 2223 1432 permisce-

186 1444 287 1505 bis
340 1441 517 1502 melle
575 1443 898 1502 semicocto
950 1448 1011 1501 et
1056 1440 1223 1501 dabis
1270 1443 1443 1501 nucis
1489 1440 1770 1502 Ponticae
1817 1441 2224 1520 magnitudine

189 1550 338 1593 cum
382 1549 534 1610 aqua
582 1530 796 1610 calida;
845 1529 1085 1609 quidam
1130 1529 1244 1590 hoc
1291 1531 1354 1589 in
1392 1530 1648 1609 oxymeli
1684 1530 1938 1610 solvunt,
1986 1529 2225 1609 quidam

109 1633 160 1674 15
188 1625 259 1682 in
306 1621 444 1680 vino
489 1620 676 1679 mixto
725 1620 1042 1699 accipiunt,
1090 1618 1190 1678 alii
1230 1626 1602 1679 consuerunt
1638 1618 1916 1679 cocliario
1954 1619 2226 1696 accipere

186 1727 416 1791 purum
463 1708 537 1768 ad
581 1708 809 1786 lapides
856 1707 1175 1768 eiciendos

374 1797 710 1876 Descriptio
767 1798 950 1876 panni
1003 1798 1216 1857 rustici
1271 1796 1543 1857 facientis
1589 1796 1659 1856 ad
1709 1798 2008 1856 viscerum
2055 1813 2224 1855 cura-

190 1890 426 1950 tionem
472 1888 585 1946 sic:
648 1885 779 1946 Olei
824 1885 886 1946 P.
923 1885 979 1966 I,
1034 1887 1322 1964 axungiae
1368 1886 1590 1945 veteris
1635 1884 1698 1944 P.
1738 1883 1789 1967 1,
1845 1883 2047 1963 butyri
2081 1882 2143 1944 P.
2183 1884 2227 1965 l,

191 1976 420 2037 herbae
469 1974 721 2036 Sabinae
757 1974 820 2035 P.
859 1974 902 2054 1,
948 1974 1166 2035 barbae
1214 1973 1367 2034 Iovis
1404 1973 1466 2034 P.
1504 1972 1530 2032 1
1624 1973 1768 2034 Tam
1805 1973 1908 2034 diu
1947 1972 2091 2032 haec
2129 1972 2226 2032 de-

14 2062 15 2071 ’
112 2080 165 2120 20
195 2083 450 2143 coqueS,
499 2064 782 2143 quamdiu
826 2062 1045 2123 herbae
1094 2072 1391 2142 arescant,
1446 2070 1651 2142 postea
1698 2062 1970 2123 colantur
2024 2067 2085 2121 ct
2130 2060 2227 2120 ad-

194 2155 362 2215 ditur
410 2171 581 2213 cerae
619 2152 787 2231 libra,
833 2154 1065 2212 resinae
1102 2152 1165 2213 P.
1206 2151 1248 2233 1,
1295 2153 1518 2212 farinae
1566 2152 1639 2213 de
1676 2151 1875 2231 puleio
1912 2150 1975 2210 P.
2015 2150 2057 2231 1,
2099 2150 2226 2229 pul-

192 2245 357 2304 veris
413 2241 488 2302 de
542 2241 687 2302 baca
741 2240 895 2302 lauri
940 2240 1002 2302 P.
1042 2239 1094 2321 1,
1150 2241 1223 2301 de
1278 2242 1417 2302 fimo
1473 2241 1646 2302 ovillo
1702 2230 1874 2302 unde'
1908 2239 2117 2300 ovibus
2163 2241 2227 2299 in

195 2332 334 2392 lana
376 2330 640 2391 haeserit
676 2329 738 2390 P.
776 2329 819 2390 Ι.
900 2329 1060 2390 Haec
1108 2332 1303 2390 omnia
1349 2331 1413 2390 in
1459 2348 1646 2391 unum
1692 2348 1912 2408 corpus
1950 2329 2228 2407 redigun-

197 2428 303 2482 tur
350 2427 412 2480 et
454 2421 896 2499 permiscentur
942 2428 1002 2480 et
1046 2419 1185 2479 inde
1232 2436 1466 2497 pannus
1505 2419 1813 2481 inducitur
1851 2425 1912 2478 et
1951 2420 2227 2496 quotiens

14 2510 17 2537 ⁷
110 2525 167 2567 25
198 2508 460 2570 volueris
507 2515 818 2588 reparatus
866 2507 1169 2568 stomacho
1217 2508 1556 2586 adponitur.

378 2597 487 2657 Dia
531 2604 821 2678 tessaron,
869 2597 1026 2676 quod
1072 2596 1300 2657 febrem
1339 2596 1508 2656 sedat
1543 2603 1605 2656 et
1640 2597 1868 2656 viscera
1906 2595 2227 2674 componit,

199 2687 419 2766 accipit
462 2685 635 2746 haec:
681 2685 814 2747 Olei
850 2685 1139 2746 coclearia
1177 2688 1311 2766 tria,
1348 2686 1503 2746 aceti
1540 2684 1829 2744 coclearia
1864 2685 1997 2764 tria,
2033 2683 2228 2744 mellis

199 2775 344 2835 boni
391 2775 726 2853 despumati
772 2774 1062 2835 coclearia
1108 2776 1248 2854 tria,
1304 2776 1427 2834 vini
1479 2775 1701 2834 veteris
1749 2772 1893 2833 boni
1939 2772 2227 2833 coclearia

197 2866 342 2944 tria3
396 2863 543 2923 haec
590 2871 712 2923 tam
763 2863 863 2924 diu
914 2863 1361 2944 decoquuntur,
1419 2862 1701 2941 quamdiu
1748 2864 1945 2922 omnia
1996 2861 2068 2921 ad
2115 2861 2230 2920 tria

111 2969 171 3010 ao
200 2952 493 3014 coclearia
538 2952 904 3033 redigantur,
951 2961 1012 3013 et
1056 2955 1137 3012 ita
1172 2953 1357 3012 linteo
1395 2952 1637 3012 inducta
1680 2950 1985 3012 stomacho
2023 2967 2229 3029 super-

381 3164 416 3212 4
455 3158 757 3214 achaz-istu.
983 3163 1111 3228 post
1146 3157 1467 3228 appellatur
1499 3159 1629 3214 add.
1665 3159 1725 3213 id
1766 3160 1856 3213 est
1890 3156 2010 3213 sine
2048 3157 2232 3227 gratia.

201 3231 526 3287 Carnarius.
673 3235 706 3285 5
744 3229 1056 3286 climation.
1185 3236 1215 3284 7
1252 3228 1670 3300 phleumaticis.
1797 3234 1830 3284 8
1866 3226 2227 3283 amorroidas.

202 3307 269 3355 11
316 3300 630 3357 faeniculis.
833 3308 901 3356 14
951 3300 1197 3356 oximeli.
1400 3307 1465 3356 19
1510 3301 1708 3356 barba..
1903 3304 1969 3353 21
2025 3298 2229 3369 pulvis.

199 3378 269 3428 22
325 3371 504 3428 ovilli.
747 3378 816 3429 28
864 3379 992 3444 post
1044 3371 1253 3428 veteris
1306 3374 1528 3444 repetit.-
1599 3371 1710 3426 Dia.
1760 3373 2018 3426 taenaron
2078 3367 2232 3449 quod

197 3444 419 3500 febrem
465 3446 629 3499 sedat
674 3447 733 3499 et
777 3445 994 3500 viscera.
1038 3443 1328 3514 componit
1374 3443 1586 3512 accipit
1630 3444 1770 3497 haec
1817 3441 1928 3495 olei
1966 3437 2233 3494 cocliaria.

199 3515 323 3642 tria.l
369 3515 556 3570 mellis
610 3515 747 3571 boni
800 3517 1120 3588 despumati
1175 3515 1443 3571 cocliaria.
1495 3512 1610 3568 tria.
1661 3513 1782 3568 vini
1834 3509 2043 3566 veteris
2097 3508 2232 3564 boni

201 3603 301 3642 coc
326 3586 480 3642 earia.
515 3585 642 3643 tria.

2262 746 2331 796 93

2263 1809 2333 1859 94

2264 2603 2333 2655 95
