2575 4092
1069 240 1553 306 —164-

190 420 256 470 61
296 406 471 468 Cervi
513 405 827 485 pulmones
875 422 1012 466 cum
1060 406 1188 465 suis
1232 403 1690 484 gurgulionibus
1735 404 1983 484 virgulis
2021 413 2225 465 tensos
2264 407 2331 465 in

295 496 485 575 fumo,
540 494 730 559 donec
785 503 1088 576 arescant,
1152 494 1452 572 suspende
1508 503 1567 554 et
1623 512 1696 554 ex
1750 492 1845 553 his
1900 492 2124 572 aliquid
2186 511 2332 554 con·

295 592 501 646 tusum
546 585 877 661 tritumque
925 581 1245 660 diligenter
1291 583 1522 643 adiecto
1569 581 1743 643 melle
1781 581 2110 661 ecligmatis
2147 582 2328 643 modo

190 687 259 737 62
296 673 552 753 pthisico
601 672 755 753 dato,
803 689 981 751 quem
1029 673 1226 732 sanari
1263 673 1550 733 citissime
1587 671 1766 732 voles.
1836 669 2085 731 Lacerta
2120 671 2334 731 viridis

295 763 424 823 viva
471 762 653 822 missa
697 761 761 821 in
807 778 909 820 vas
954 760 1135 822 fictile
1182 778 1402 821 novum
1447 768 1509 821 et
1554 778 1690 821 cum
1733 760 1856 820 vini
1892 756 1956 819 *S*
1994 758 2191 820 tribus
2230 759 2333 820 de·
2362 779 2392 820 5

295 858 464 912 cocta
511 850 583 911 ad
630 847 909 929 cyathum
955 868 1142 911 unum
1188 847 1622 910 incredibiliter
1668 848 1923 929 pthisico
1963 848 2228 928 prodest,
2277 850 2334 908 si

190 954 257 1004 63
296 958 368 1000 ex
416 957 486 1000 eo
534 941 670 999 vino
715 956 888 999 mane
933 939 1173 999 ieiunus
1219 936 1385 998 bibat
1422 936 1690 999 cocleare
1729 955 1931 998 unum.
1990 936 2108 1007 Qui
2142 936 2336 1017 pthisi

295 1027 605 1109 laborabit,
640 1026 797 1087 laser
834 1028 1044 1089 tritum
1081 1029 1145 1087 in
1182 1045 1336 1106 aqua
1372 1027 1571 1106 tepida
1605 1028 1843 1087 ieiunus
1873 1025 2118 1086 cottidie
2146 1024 2335 1106 bibat,

190 1130 260 1180 64
295 1124 573 1197 potenter
601 1115 1045 1176 remediabitur.
1109 1114 1371 1176 Cancros
1400 1117 1663 1177 marinos
1691 1116 1906 1194 impari
1942 1131 2193 1175 numero
2233 1133 2336 1175 ex-

296 1213 465 1266 ustos
522 1204 614 1264 vel
672 1204 870 1265 aridos
926 1206 1104 1265 tritos
1161 1217 1222 1265 et
1274 1203 1452 1265 bacas
1512 1204 1744 1266 laureas
1803 1205 2018 1283 impari
2077 1221 2334 1264 numero
2363 1223 2419 1264 ιο

296 1295 470 1354 tritas
525 1292 757 1353 adiecto
812 1291 985 1353 melle
1041 1300 1221 1372 atque
1278 1292 1450 1373 adipe
1506 1295 1779 1354 anserina
1826 1293 2076 1353 remissa
2124 1295 2336 1371 aequis

295 1379 663 1461 ponderibus
719 1383 999 1442 universa
1055 1382 1350 1461 permixta
1408 1400 1592 1443 unum
1648 1399 1868 1461 corpus
1922 1381 2104 1442 facies
2151 1389 2336 1460 atque

299 1469 628 1550 aequaliter
683 1472 745 1529 in
801 1469 1118 1531 duodecim
1172 1477 1375 1549 partes
1430 1470 1657 1531 divides
1712 1477 1773 1531 et
1827 1472 1889 1531 in
1936 1468 2070 1530 cibo
2119 1478 2223 1531 aut
2269 1473 2338 1530 in

193 1572 261 1622 65
299 1562 540 1640 potione
596 1558 890 1621 laboranti
943 1559 1200 1639 pthisico
1247 1558 1442 1640 dabis,
1499 1561 1649 1619 mire
1694 1559 1980 1640 proderit.
2073 1556 2196 1618 Ova
2239 1559 2335 1618 in·

298 1656 466 1710 cocta
524 1648 643 1708 duo
699 1649 763 1708 in
819 1647 1001 1709 calice
1057 1648 1353 1709 diffundes
1413 1655 1474 1708 et
1518 1648 1686 1709 deice
1735 1647 1849 1709 olei
1894 1647 2106 1727 optimi
2151 1639 2231 1733 ᾃ-
2281 1647 2420 1709 111⁵

299 1745 361 1798 et
416 1737 706 1815 axungiae
763 1739 1200 1799 vetustissimae
1255 1738 1319 1797 in
1374 1736 1552 1797 trulla
1607 1737 1679 1798 ad
1736 1736 1985 1798 calidam
2043 1738 2337 1797 remissae

300 1818 380 1912 ,θα
420 1825 474 1886 11
521 1835 581 1887 et
627 1826 920 1904 coagitato
981 1844 1049 1887 ac
1103 1827 1469 1907 permixtum
1520 1826 1777 1904 pthisico
1832 1825 2101 1905 tepidum
2154 1828 2335 1885 cotti-

195 1928 263 1977 66
301 1914 397 1975 die
426 1915 500 1975 da
527 1913 873 1995 bibendum,
910 1914 1100 1975 donec
1139 1923 1401 1995 sanetur,
1436 1913 1603 1975 valde
1639 1914 1926 1993 proderit.
1991 1913 2106 1984 Qui
2144 1913 2337 1991 pthisi

298 2004 677 2084 adficiuntur,
714 2004 1010 2066 maritima
1046 2003 1175 2064 loca
1213 2004 1401 2064 vitare
1440 2002 1661 2065 debent
1697 2011 1875 2082 atque
1908 2000 2029 2062 illic
2058 2004 2336 2083 maxime,

299 2092 403 2153 ubi
448 2094 550 2170 pix
588 2091 922 2172 conficitur,
966 2094 1324 2152 commorari
1359 2091 1562 2171 ibique
1601 2091 1936 2154 coclearum
1975 2109 2154 2152 carne
2193 2110 2336 2152 cum
2365 2113 2419 2152 so

193 2194 259 2243 67
298 2181 435 2239 vino
490 2186 873 2241 excoctarum
929 2179 1174 2241 adsidue
1232 2182 1410 2241 vesci.
1499 2180 1702 2242 Picem
1756 2197 2154 2261 praecoquam
2206 2181 2336 2242 sive

300 2285 479 2347 quam
534 2268 827 2329 viscosam
882 2276 1096 2329 vocant
1151 2276 1212 2328 et
1256 2267 1561 2330 rubricam
1609 2269 1964 2350 Scythicam,
2009 2286 2186 2348 quam
2232 2268 2338 2330 alii

297 2355 762 2437 pissasphaltum
806 2364 1039 2437 vocant,
1085 2375 1223 2417 cum
1260 2360 1388 2418 sevi
1424 2360 1650 2419 cervini
1685 2359 1926 2419 remissi
1960 2356 2171 2438 cyatho
2210 2376 2335 2418 uno

299 2452 360 2506 et
395 2444 567 2506 lactis
604 2444 815 2506 bubuli
855 2444 945 2506 vel
983 2445 1144 2507 ovilli
1179 2448 1313 2525 pari
1349 2464 1648 2529 mensura,
1686 2449 1739 2507 si
1767 2449 1902 2527 quis
1937 2448 2056 2507 iam
2091 2447 2330 2525 pericli-

299 2536 451 2595 tanti
504 2533 762 2615 pthisico
818 2535 882 2595 in
938 2542 1084 2615 potu
1141 2534 1232 2595 vel
1290 2536 1354 2595 in
1405 2534 1540 2596 cibo
1586 2535 1831 2598 cottidie
1878 2535 2131 2615 dederit,
2179 2537 2331 2596 mire
2360 2554 2415 2595 25

299 2625 360 2683 ei
404 2622 731 2684 subveniet.

196 2724 263 2773 68
477 2710 611 2771 Mus
665 2709 834 2790 gliris
888 2711 1208 2791 degluptus
1272 2720 1334 2774 et
1397 2731 1535 2773 cum
1599 2713 1730 2774 oleo
1786 2731 1854 2774 ac
1920 2710 2040 2772 sale
2099 2719 2335 2773 assatus

299 2798 730 2880 pleumoniacis
776 2799 870 2860 vel
917 2801 1202 2880 empyicis
1248 2800 1383 2862 cibo
1430 2801 1604 2863 datus
1650 2803 1801 2863 mire
1853 2803 2180 2881 succurrit3
2229 2819 2333 2862 eos

196 2901 264 2951 69
304 2906 572 2968 quoque,
619 2889 725 2968 qui
769 2888 1088 2968 purulenta
1135 2899 1435 2970 excreant,
1481 2890 1792 2952 celerrime
1840 2896 2022 2951 sanat.
2105 2888 2334 2952 Marru-

303 2975 388 3037 bii
433 2977 641 3038 viridis
688 2976 1040 3038 fasciculum
1086 2985 1147 3038 et
1192 2977 1524 3040 ambrosiae
1568 2979 1917 3041 fasciculum
1962 2985 2024 3039 et
2061 2976 2334 3040 abrotani
2362 2998 2416 3040 so

302 3064 653 3126 fasciculum
691 3067 861 3127 mitte
899 3068 961 3127 in
1000 3065 1175 3127 ollam
1213 3068 1594 3129 semodialem
1631 3087 1841 3129 novam
1886 3075 1947 3129 et
1982 3069 2105 3128 vini
2132 3064 2196 3127 *S*
2225 3066 2336 3128 1111

303 3159 365 3214 et
410 3153 677 3233 decoque
725 3155 796 3215 ad
844 3157 1195 3235 sextarium,
1244 3164 1373 3217 tum
1421 3159 1686 3238 exprime
1731 3157 1946 3218 herbas
1992 3164 2054 3216 et
2099 3156 2226 3217 cola
2276 3164 2337 3218 et

445 3331 479 3381 3
517 3323 823 3396 eligmatis.
975 3331 1012 3381 4
1045 3324 1311 3397 tphisico.
1467 3333 1499 3383 ⁷
1535 3328 1731 3399 tphisi.
1895 3334 1960 3382 11
2000 3327 2197 3398 atque]
2236 3330 2336 3384 ad·

300 3396 469 3451 iecto.
636 3402 703 3452 13
742 3397 1065 3455 duodecem.
1231 3404 1301 3454 14
1344 3399 1607 3470 tphisico.
1781 3404 1844 3454 15
1883 3397 2144 3454 difundes
2185 3401 2333 3469 (πῶς

301 3484 380 3522 am
415 3466 725 3524 defundes?
888 3473 956 3523 16
991 3468 1351 3527 vetussimae.
1507 3477 1574 3526 17
1609 3469 1868 3541 tphisico.
2032 3474 2097 3525 18
2133 3471 2334 3541 tphisi.

300 3544 369 3593 23
408 3538 880 3611 pissasphaltum]
919 3539 1173 3623 spaltica..
1370 3546 1439 3598 28
1475 3541 1885 3612 pleumoniacis
1920 3541 2121 3612 scripsi
2153 3548 2221 3598 ut
2255 3549 2335 3599 est

299 3611 364 3665 in
398 3611 592 3667 titulo:
626 3610 1062 3682 pleumoniacis.
1208 3618 1278 3668 29
1316 3612 1575 3670 maruvii.
