2575 4092
12 3190 15 3295 Ι

12 3362 23 3479 ‚f

900 262 1486 339 f-167—

222 428 522 488 stissimae
560 458 651 468 —
678 422 726 481 V
770 426 1114 486 intromisso
1160 427 1220 487 in
1271 444 1409 486 vase
1454 427 1590 505 igne
1638 425 1926 486 dissolves
1972 425 2254 487 eundern·

225 533 345 595 qne
375 515 668 594 liquorem
696 513 952 575 calidum
982 516 1198 576 ceteris
1226 514 1411 577 rebus
1440 515 1659 576 adicies
1689 517 2001 595 omniaque
2032 516 2256 595 pariter

225 622 410 685 super
448 622 659 683 aquam
697 602 1025 664 ferventem
1064 605 1334 666 remittes
1373 612 1433 665 et
1470 603 1656 665 calida
1695 603 1968 682 pthisicis
2000 603 2254 665 bibenda

223 691 559 772 praebebis,
626 690 858 753 Herbae
905 694 1238 754 Senecionis
1275 693 1483 754 viridis
1520 700 1802 753 contusae
1841 700 1903 753 et
1938 710 2255 772 expressae
2291 706 2361 756 90

128 799 160 840 5
227 799 412 843 sucus
459 782 530 841 ad
578 799 920 843 mensuram
967 781 1164 861 cyathi
1209 784 1391 844 unius
1447 800 1555 861 per
1601 781 1730 842 dies
1777 781 2043 861 singulos
2088 784 2255 862 potui

227 870 404 931 datus
450 869 726 949 pthisicis
773 871 924 930 miro
963 871 1226 931 remedio
1275 879 1384 951 est,
1433 873 1484 931 si
1530 871 1860 931 interiectis
1906 870 2117 931 diebus
2166 870 2256 931 vel

225 961 448 1038 septies
502 960 872 1039 propinetur.
965 958 1155 1020 Rutae
1212 970 1453 1021 tenerae
1516 961 1808 1020 contritae
1865 977 2001 1019 cum
2062 977 2253 1021 ramu·
2291 973 2358 1023 91

225 1047 410 1109 sculis
466 1050 593 1108 suis
649 1057 708 1109 et
762 1065 1077 1127 expressae
1135 1067 1319 1110 sucus
1364 1067 1500 1110 cum
1547 1046 1912 1127 aliquantulo
1959 1047 2252 1109 bitumine

225 1155 298 1197 ex
346 1139 483 1197 vino
528 1145 731 1198 vetere
778 1135 967 1197 calido
1015 1132 1278 1218 (datur)
1319 1137 1610 1220 pthisiciS,
1648 1137 1926 1198 celeriter
1962 1135 2253 1198 sanabun-

132 1243 194 1282 ιο
224 1234 354 1306 tur,
410 1225 682 1287 similiter
737 1235 796 1287 et
851 1228 1136 1305 empyicis
1182 1228 1244 1287 in
1301 1236 1444 1307 potu
1504 1226 1563 1287 id
1611 1227 1901 1288 medetur.
1998 1225 2253 1288 Oleastri
2291 1241 2360 1289 92

224 1314 363 1375 folia
401 1313 633 1375 sibene
669 1313 916 1375 decocta
953 1314 1172 1376 dentur
1210 1317 1511 1397 empyicis‚
1550 1315 1827 1377 celeriter
1865 1314 2252 1377 sanabuntur.

402 1403 751 1464 Antidotum
806 1403 1080 1482 pthisicis
1134 1403 1597 1483 incomparabile
1653 1406 1767 1465 sic:
1841 1404 2077 1485 Piperis
2136 1403 2254 1466 albi
2291 1418 2361 1468 93

229 1485 305 1578 ,9-
344 1490 443 1571 ΙΙῙ,
490 1502 723 1572 myrrae
771 1484 851 1578 ᾃ-
890 1492 934 1573 Ι,
980 1494 1337 1572 opopanacis
1386 1486 1465 1580 ,9-
1504 1492 1557 1573 Ι,
1602 1494 1759 1554 turis
1806 1492 2054 1555 masculi
2093 1484 2173 1578 ᾃ-
2212 1492 2255 1572 Ι,

224 1583 345 1659 opii
393 1573 473 1667 ᾃ-
512 1579 556 1662 Ι,
603 1582 765 1642 croci
814 1580 999 1642 Siculi
1049 1574 1129 1668 ᾃ-
1166 1581 1210 1662 Ι,
1256 1580 1577 1660 zingiberis
1616 1573 1696 1667 ᾃ-
1735 1579 1804 1660 ΙΙ,
1854 1580 2062 1642 laseris
2102 1573 2181 1666 θ’
2211 1580 2254 1661 Ι,

134 1687 196 1729 15
224 1678 393 1731 rutae
442 1668 635 1731 siccae
684 1661 764 1755 ᾃ-
804 1669 875 1752 Π,
921 1669 1192 1731 abrotani
1239 1663 1319 1756 9ο
1358 1669 1428 1750 ΙΙ,
1474 1671 1728 1730 narcissi
1885 1669 1956 1750 11,
2003 1671 2255 1731 vettoni-

223 1777 325 1820 cae
375 1750 455 1844 ᾃ-
494 1757 574 1841 ΙΙ,
620 1758 911 1820 marrubii
959 1751 1038 1845 ,9-
1077 1758 1156 1840 ΙΙ,
1200 1758 1366 1838 pulei
1414 1751 1493 1844 ᾁ-
1532 1757 1629 1838 ΙΙΙ,
1682 1757 1872 1818 melis
1919 1757 2255 1838 despumati

221 1849 432 1927 optimi
478 1844 542 1907 *S*
580 1846 633 1927 1,
680 1848 798 1907 vini
845 1847 1078 1908 Aminei
1125 1849 1522 1929 quartarium,
1567 1847 1878 1925 papaveris
1924 1848 2054 1908 triti
2091 1839 2171 1933 ᾃ-
2211 1847 2252 1909 Ι.

221 1935 311 1996 Ex
378 1953 757 2015 quocumque
821 1935 1054 2015 liquore
1123 1936 1237 1998 hoc
1305 1936 1577 2016 pthisicis
1641 1937 2023 2015 propinatum
2088 1935 2254 1997 valde

221 2024 507 2105 prodesse
554 2032 944 2105 memoratur,
989 2027 1071 2086 ita
1119 2032 1186 2086 ut
1231 2026 1305 2086 de
1353 2026 1627 2086 contritis
1665 2023 1982 2103 diligenter
2028 2025 2255 2085 mixtis·

134 2131 194 2170 so
223 2131 340 2193 que
390 2113 704 2193 speciebus
752 2115 1043 2193 catapotia
1090 2114 1235 2175 fiant
1271 2113 1678 2194 magnitudine
1721 2112 1916 2194 fabae3
1965 2131 2116 2193 quae
2154 2120 2256 2174 aut

219 2205 455 2280 integra
491 2201 819 2263 haurienda
856 2212 959 2264 aut
994 2202 1312 2281 liquefacta
1351 2203 1570 2265 dentur
1606 2210 1667 2264 et
1699 2220 1871 2264 mane
1900 2206 2250 2283 et·vespera.

401 2289 762 2352 Trochiscus
818 2291 879 2352 di
934 2291 1162 2353 electru
1216 2293 1765 2371 praestantissimus
1813 2290 1882 2351 ad
1932 2294 2249 2372 aemoptyi·
2288 2306 2360 2355 94

221 2398 347 2462 cOS,
394 2380 452 2440 id
493 2386 587 2440 est
624 2381 971 2458 sanguinem
1011 2379 1103 2440 vel
1142 2389 1488 2442 excreantes
1527 2380 1618 2440 vel
1655 2388 1962 2441 vomentes
2000 2380 2093 2442 vel
2131 2400 2252 2461 eoS,

220 2470 327 2548 qui
373 2470 626 2529 maxime
673 2487 810 2530 cum
858 2470 1011 2530 tussi
1057 2472 1406 2550 sanguinem
1454 2472 1690 2550 iactant,
1736 2468 1915 2530 huius
1958 2469 2252 2530 confectio

136 2575 193 2616 25
221 2560 336 2619 sic:
401 2557 578 2618 Croci
625 2549 705 2643 ᾃ-
741 2556 871 2638 XV,
919 2559 1114 2619 sucini
1163 2550 1242 2644 ,9-
1287 2556 1416 2639 XV,
1467 2560 1730 2618 masticis
1777 2557 1957 2618 Chiae
2006 2549 2086 2643 ᾃ-
2135 2556 2253 2637 XV,

219 2648 328 2707 iris
375 2645 640 2726 Illyricae
689 2638 768 2732 ,9-
809 2644 926 2727 XV,
973 2648 1096 2725 opii
1144 2645 1193 2706 X
1231 2646 1283 2706 11
1324 2645 1396 2728 S,
1443 2645 1656 2728 psyllii,
1705 2646 1862 2725 quod
1909 2654 2003 2707 est
2048 2665 2253 2708 semen

219 2737 460 2814 nigrum
515 2736 811 2796 minutum
869 2733 1167 2815 pulicibus
1232 2736 1451 2818 simile,
1504 2768 1579 2778 —
1621 2733 1675 2794 11
1715 2733 1772 2795 S.
1863 2733 1990 2796 Hoc
2048 2753 2252 2797 semen

220 2842 446 2903 coques
493 2826 554 2884 in
600 2823 837 2884 hemina
883 2842 1087 2904 aquae,
1134 2823 1327 2885 donec
1374 2823 1557 2884 densa
1595 2823 1714 2902 fiat,
1754 2824 2252 2902 quemadmodum

220 2913 296 2974 de
343 2911 451 2974 lini
497 2914 741 2993 semine,
790 2930 967 2991 quam
1007 2911 1229 2973 colabis
1265 2922 1473 2993 postea
1511 2919 1572 2972 et
1608 2912 1839 2991 reliqua
1875 2914 2073 2972 omnia
2110 2914 2252 2973 trita

138 3019 194 3059 so
221 3020 296 3063 ex
342 3001 454 3063 hac
493 3019 643 3080 aqua
681 3000 923 3080 colliges
962 3008 1023 3062 et
1059 2999 1342 3062 formabis
1379 3000 1708 3062 trochiscos
1744 2999 2035 3061 habentes
2072 3002 2253 3063 maxi-

219 3109 350 3152 mos
400 3083 480 3176 ῥὶ-
517 3088 628 3150 ΙΠΙ
668 3088 736 3172 8,
783 3089 929 3151 alios
978 3082 1057 3176 ,9-
1095 3088 1174 3149 ΙΙΙ
1214 3089 1280 3170 8,
1329 3091 1606 3151 minimos
1653 3108 1845 3169 usque
1893 3090 1965 3150 ad
2008 3083 2087 3177 ,9-
2124 3090 2151 3151 Ῑ
2190 3090 2248 3151 8.

218 3179 305 3240 Ita
345 3197 487 3257 ergo
527 3179 725 3257 facies,
765 3187 832 3239 ut
867 3196 978 3256 pro
1018 3186 1208 3239 aetate
1247 3197 1406 3240 unus
1445 3179 1698 3258 quisque
1738 3188 1798 3240 et
1836 3197 1945 3258 pro
1975 3181 2246 3260 corporis

218 3268 501 3329 firmitate
550 3268 820 3345 accipere
867 3268 1074 3346 possit.

398 3355 488 3415 Ad
536 3372 658 3435 eos,
705 3356 809 3433 qui
856 3358 1244 3434 sanguisugas
1291 3357 1466 3416 inscii
1513 3356 1815 3431 devorant,
1865 3358 2142 3417 cimicum
2188 3356 2250 3416 in
2288 3368 2359 3418 95

398 3497 434 3544 4
473 3488 785 3558 senitionis‚
822 3490 950 3544 item
985 3491 1143 3558 infra
1178 3492 1412 3560 saepius.
1504 3496 1536 3545 9
1575 3491 1742 3545 datur
1779 3491 1991 3545 addidi.
2087 3495 2153 3544 10
2190 3489 2249 3544 in

215 3577 319 3616 om.
400 3566 467 3615 13
497 3560 718 3614 mirrae.
799 3566 863 3614 16
893 3560 1076 3615 mellis
1096 3561 1415 3632 despumati
1435 3560 1637 3631 optimi
1659 3555 1736 3636 „9-
1756 3560 1798 3616 1.
1874 3565 1941 3615 22
1973 3559 2250 3630 emoptoi·

216 3648 328 3688 cos.
477 3636 548 3685 26
585 3629 799 3702 psyllii]
839 3629 1018 3701 pilliu.
