2575 4092
19 0 2557 41 ———

1044 265 1480 331 -35-

243 428 569 490 efficaciter
624 429 836 508 capitis
891 426 1175 489 dolorem.
1259 427 1433 489 Porri
1488 431 1697 490 sectivi
1743 447 1951 490 sucum
2001 429 2276 491 cocliaria
2312 441 2380 491 59

243 518 361 579 dua
409 525 469 577 et
515 535 702 577 unum
750 515 943 577 mellis
980 518 1273 596 permixta
1312 519 1470 578 ituro
1509 517 1831 580 dormitum
1870 517 1962 579 vel
1999 520 2059 580 in
2099 536 2276 580 nares

242 605 338 667 vel
383 608 448 666 in
493 605 820 667 auriculam
868 605 1136 685 tepidum
1181 606 1448 687 infunde,
1496 609 1694 668 statim
1740 606 2025 687 proderit.
2099 606 2270 669 Polli·
2310 620 2381 671 60

241 713 381 756 nem
430 693 682 772 siliginis
726 694 988 755 admixto
1025 697 1120 755 ovi
1158 694 1291 755 albo
1330 703 1388 756 et
1427 697 1730 775 quippiam
1770 695 1908 756 salis
1944 695 2272 757 confricato

185 801 213 843 5
242 794 304 845 et
327 784 512 844 fronti
539 783 775 843 inlinito
804 790 865 844 et
893 784 1076 844 fascia
1105 783 1486 866 superligato‚
1513 783 1782 845 mirabile
1811 791 1919 845 est.
1956 784 2272 867 Anethum‚
2309 798 2375 847 61

240 876 324 935 ita
379 881 448 934 ut
492 872 565 934 de
620 871 796 932 horto
853 871 1168 933 collectum
1225 873 1437 953 fuerit,
1493 872 1850 953 decoquitur
1904 890 1977 934 ex
2034 873 2164 934 oleo
2210 880 2273 935 et

242 980 428 1023 sucus
474 962 605 1022 eius
652 962 834 1040 capiti
878 960 1232 1022 infunditur.
1308 960 1373 1022 Si
1410 961 1483 1022 de
1523 962 1734 1042 capitis
1771 961 1974 1023 dolore
2012 960 2272 1024 difficilis
2307 975 2378 1027 62

239 1068 490 1112 somnus
538 1052 634 1131 sit,
681 1049 1049 1129 amygdalino
1087 1049 1216 1111 oleo
1255 1058 1437 1129 caput
1471 1052 1727 1129 perungi
1763 1057 2018 1132 oportet.
2094 1048 2158 1110 Si
2196 1050 2270 1112 de

242 1139 367 1201 sole
415 1148 595 1218 caput
641 1138 861 1219 doleat,
921 1140 1194 1219 cupressi
1240 1138 1380 1199 folia
1426 1140 1682 1200 contrita
1727 1156 1866 1200 cum
1912 1137 2150 1220 polenta
2195 1138 2269 1201 de

154 1249 212 1289 ιο
238 1227 467 1289 hordeo
516 1228 606 1288 vel
652 1225 972 1307 amygdalis
1020 1234 1080 1287 et
1127 1245 1270 1288 suco
1318 1226 1660 1306 portulacae
1697 1227 1879 1290 fronti
1917 1227 2267 1289 inlinuntur.

236 1316 544 1396 Magnetes
590 1315 767 1396 lapis,
813 1318 918 1396 qui
964 1315 1323 1396 antiphyson
1369 1316 1617 1398 dicitur,
1664 1320 1767 1396 qui
1814 1317 2042 1379 ferrum
2086 1316 2270 1379 trahit
2307 1330 2374 1381 63

238 1414 301 1467 et
346 1405 547 1485 abicit,
594 1414 655 1466 et
700 1412 1004 1484 magnetes
1050 1405 1216 1484 lapiS‚
1264 1407 1368 1484 qui
1414 1408 1762 1485 sanguinem
1801 1407 2020 1467 emittit
2055 1414 2115 1467 et
2154 1407 2269 1467 ser·

235 1513 375 1556 rum
424 1494 497 1554 ad
545 1511 609 1555 se
656 1493 856 1568 trahit,
903 1493 1054 1554 collo
1100 1493 1323 1573 alligati
1369 1501 1473 1555 aut
1517 1497 1676 1555 circa
1722 1502 1901 1574 caput
1946 1493 2139 1555 dolori
2176 1512 2268 1557 ca·

236 1584 384 1663 pitis
440 1582 774 1644 medentur.
864 1582 1194 1663 Expertum
1242 1590 1336 1644 est
1379 1582 1527 1643 mihi
1573 1582 1837 1661 puleium
1883 1585 1947 1643 in
1993 1582 2124 1643 oleo
2171 1602 2267 1645 co·
2306 1597 2375 1646 64

149 1691 208 1733 15
238 1690 429 1753 quere
477 1689 667 1750 eoque
716 1672 973 1732 frontem
1019 1680 1079 1734 et
1130 1679 1399 1751 tempora
1446 1679 1506 1732 et
1552 1671 1868 1732 cerebrum
1914 1689 2268 1750 perungere.

215 1759 521 1822 -Glebulas
558 1759 632 1820 de
670 1759 871 1821 limine
909 1759 1003 1822 vel
1038 1762 1169 1841 ipso
1208 1760 1451 1821 cardine
1490 1776 1689 1820 erasas
1728 1776 1866 1821 cum
1895 1767 2061 1820 aceto
2091 1757 2269 1820 simul
2306 1771 2374 1822 65

236 1851 535 1931 permisce
584 1867 775 1928 eoque
819 1848 945 1910 luto
994 1848 1247 1910 frontem
1297 1847 1508 1928 iuliae,
1565 1866 1683 1927 quo
1730 1856 1911 1927 caput
1954 1847 2268 1909 confestim

239 1939 592 2018 gravissimo
647 1937 853 1998 dolore
906 1936 1213 2000 relevabis.
1315 1937 1501 1998 Terra
1557 1938 1687 1998 viva
1741 1938 1804 1998 in
1860 1954 2037 1998 ovum
2092 1938 2266 1997 inane
2306 1949 2374 2000 66

239 2029 512 2089 coniecta
565 2033 626 2087 et
675 2025 787 2087 sub
824 2025 1043 2088 lectum
1090 2027 1164 2087 ad
1212 2034 1392 2106 caput
1436 2024 1740 2087 conlocata
1795 2027 1969 2087 unice
2005 2024 2267 2105 prodest.

20 2124 25 2197 Ι
150 2135 210 2175 20
236 2116 367 2178 Duo
426 2115 563 2176 solia
608 2115 761 2176 lauri
816 2117 1169 2177 circumcisa
1223 2113 1576 2176 rotundabis
1633 2115 1951 2193 resinaque
2006 2112 2266 2176 terebin-
2305 2127 2373 2178 6⁷

237 2206 405 2266 thina
451 2204 774 2283 glutinabis
822 2212 885 2265 et
927 2204 1201 2283 utrisque
1246 2202 1621 2283 temporibus
1666 2203 1887 2282 adfiges
1897 2250 1915 2284 ,
1970 2205 2086 2264 nisi
2131 2203 2262 2264 red-

237 2295 362 2355 dita
418 2296 669 2354 sanitate
725 2311 845 2354 non
900 2293 1193 2355 decident.
1275 2292 1677 2354 Hirundinum
1732 2291 1881 2371 pulli
1925 2291 2154 2371 lapillos
2200 2294 2264 2352 in
2303 2304 2370 2353 68

237 2382 588 2443 ventriculis
635 2381 855 2443 babere
900 2393 1286 2462 consuerunt,
1334 2400 1405 2442 ex
1452 2380 1672 2461 quibus
1715 2383 1822 2461 qui
1856 2379 1977 2442 albi
2013 2382 2264 2441 maxime

236 2473 481 2550 fuerint,
519 2473 570 2531 si
607 2473 670 2531 in
708 2488 886 2531 manu
925 2473 1102 2531 etiam
1139 2469 1362 2549 singuli
1394 2477 1714 2532 teneantur
1751 2477 1854 2530 aut
1889 2471 2050 2530 circa
2085 2476 2267 2548 caput

150 2577 209 2619 25
235 2560 360 2622 lino
407 2566 742 2638 nectantur,
790 2562 1139 2621 veterrimos
1186 2568 1245 2620 et
1292 2558 1555 2620 diutinos
1603 2560 1815 2638 capitis
1862 2558 2128 2619 mulcent
2163 2557 2264 2619 do·

234 2648 425 2727 loreS‚
480 2650 599 2708 nisi
631 2644 931 2708 'contactu
985 2656 1180 2709 terrae
1235 2647 1570 2728 lapillorum
1623 2649 1888 2727 potentia
1945 2648 2263 2708 minuatur.

236 2737 510 2799 Cornicis
577 2734 902 2797 cerebrum'
957 2745 1193 2797 coctum
1253 2745 1316 2797 et
1378 2735 1511 2798 cibo
1576 2743 1882 2814 sumptum
1939 2753 2147 2815 graves
2201 2743 2264 2796 et
2300 2747 2368 2797 69

233 2829 598 2889 inveteratos
645 2825 881 2886 dolores
927 2827 1138 2904 capitis
1184 2825 1401 2886 effectu
1447 2823 1704 2885 mirabili
1741 2823 1922 2903 pellit.
1995 2822 2261 2886 Vulturis
2300 2835 2368 2886 ‘10

235 2913 488 2976 cerebro
541 2913 849 2995 paululum
906 2914 1071 2975 cedri
1123 2915 1178 2974 si
1230 2915 1610 2975 inmiscueris
1666 2921 1726 2974 et
1770 2930 1945 2973 nares
1990 2912 2129 2974 inde
2173 2914 2263 2973 in·

154 3021 208 3062 so
233 3006 537 3065 trinsecus
565 3010 861 3083 caputque
880 3003 1286 3082 pei-fricueriS‚
1311 3020 1517 3063 omnes
1537 3000 1773 3063 dolores
1793 3003 1991 3062 statim
2009 3002 2260 3063 minues

233 3092 326 3153 Ex
381 3110 758 3171 quacumque
818 3109 995 3152 cansa
1051 3091 1430 3170 gravedinem
1490 3093 1701 3171 capitis
1757 3097 2052 3171 exortam,
2110 3107 2261 3171 quae
2300 3102 2366 3152 ’11

236 3183 723 3260 intempestivum
785 3183 1044 3242 concitet
1098 3198 1372 3242 somnum
1381 3225 1401 3261 ,
1456 3182 1584 3241 sine
1633 3178 1837 3241 dolore
1884 3178 2155 3262 discutit,
2210 3180 2264 3240 si

238 3272 373 3349 quis
438 3271 798 3349 inpetigines
861 3271 924 3330 in
978 3270 1130 3329 asini
1185 3267 1465 3329 cruribus
1519 3267 1869 3329 naturaliter
1928 3276 2096 3330 natas
2160 3267 2259 3328 de-

235 3358 434 3421 trahat
479 3376 700 3438 easque
746 3359 810 3418 in
855 3356 1093 3418 scobem
1141 3357 1446 3419 delimatas
1499 3358 1750 3418 inmixto
1803 3364 1970 3418 aceto
2017 3354 2262 3419 naribus

379 3503 408 3550 1
448 3492 720 3549 cocliaria
745 3498 843 3547 1m
878 3491 1154 3549 coclearia
1179 3497 1302 3550 zm.
1411 3499 1464 3547 2·
1484 3492 1596 3548 dua
1627 3498 1720 3547 lm
1748 3494 1860 3548 duo
1887 3499 1999 3548 2m.
2111 3497 2143 3546 6
2172 3507 2261 3546 or-

234 3567 371 3623 tum.
486 3570 554 3619 10
593 3564 905 3635 porcaclae.
1027 3569 1092 3617 11
1126 3563 1415 3621 antefison.
1520 3568 1585 3617 18
1615 3563 1904 3618 relevabit.
1997 3567 2063 3616 19
2091 3560 2260 3617 lectu.

237 3643 300 3691 21
347 3635 707 3709 gluttinabis.
852 3641 919 3690 22
957 3633 1348 3690 herundinum.
1494 3640 1562 3688 29
1599 3633 1904 3704 panlolum.

1865 3719 1940 3773 3*
