2575 4092
1016 268 1491 331 -127-

240 427 560 488 salubriter
597 428 805 490 dentes
844 428 1224 490 conluuntur.
1288 429 1489 490 Fimus
1526 430 1690 489 corvi
1726 428 1920 489 lanula
1950 428 2264 491 obvolutus
2302 443 2370 493 61

239 516 406 578 denti
451 535 592 577 cavo
639 516 974 598 infulcitur,
1029 520 1369 579 minutatim
1416 535 1483 578 ac
1529 519 1659 578 sine
1705 517 1909 579 dolore
1961 536 2096 579 eum
2144 519 2262 580 dis-

238 604 441 667 cutiet.
509 604 839 686 Veratrum,
885 606 944 666 id
991 615 1083 667 est
1129 606 1348 668 bulbus
1396 605 1552 685 quod
1600 613 1693 666 est
1728 623 1917 685 genus
1954 625 2154 688 cepae,
2199 610 2260 668 in
2299 620 2368 671 62

238 705 404 755 aceto
449 694 807 772 decoquitur
852 695 1032 775 idque
1079 704 1313 757 acetum
1361 713 1465 756 ore
1510 697 1869 776 continetur,
1921 703 1987 757 ut
2033 696 2262 757 mobili-

181 803 211 845 s
238 790 326 843 tas
373 782 641 844 dentium
688 786 950 846 sistatur.
1031 783 1368 865 Ruborum,
1425 786 1486 844 in
1534 783 1752 864 quibus
1797 802 1965 845 mora
2009 803 2261 848 nascun·
2299 799 2368 848 63

239 881 362 951 tur,
418 874 679 951 pampini
736 872 1155 952 decoquuntur
1210 875 1272 933 in
1328 875 1465 934 vino
1520 880 1788 948 austero,
1848 873 2004 953 quod
2058 876 2260 935 vinum

238 959 482 1022 adsidue
538 979 641 1022 ore
697 971 927 1022 tentum
991 961 1081 1022 vel
1131 964 1260 1040 ipsa
1317 962 1454 1023 folia
1510 961 1995 1023 commanducata
2051 961 2260 1024 dentes

238 1049 501 1116 labantes
557 1051 927 1112 confirmant.
1017 1050 1303 1129 Bestiola,
1359 1068 1509 1130 quae
1564 1049 1862 1112 brassicae
1913 1053 2259 1129 innascitur,
2298 1065 2367 1115 64

238 1138 386 1199 dens
430 1140 682 1199 vitiosus
728 1142 966 1219 sae-pius
1006 1139 1370 1200 confricatus
1406 1142 1564 1200 intra
1602 1138 1731 1200 dies
1768 1157 1990 1219 paucos
2028 1141 2258 1202 eicitur.

153 1248 212 1289 ιο
238 1227 406 1287 Aeris
442 1227 654 1287 florem
689 1227 988 1308 floresque
1025 1228 1280 1289 hederae
1317 1230 1448 1308 pari
1485 1228 1749 1307 pondere
1776 1231 1839 1289 in
1867 1247 2053 1290 unum
2082 1231 2259 1290 terito
2298 1243 2364 1292 65

236 1320 491 1395 vinoque
538 1318 785 1378 misceto
833 1336 900 1377 ac
945 1317 1193 1378 naribus
1239 1318 1562 1397 moderate,
1609 1336 1745 1380 cum
1784 1316 2059 1380 dentium·
2094 1317 2263 1378 dolor

236 1405 432 1486 suerit,
477 1404 743 1485 infunde,
790 1408 987 1467 statim
1034 1409 1227 1468 omnis
1266 1405 1535 1467 molestia
1573 1405 1839 1467 dentium
1878 1408 2260 1485 conpescitur

235 1503 294 1554 et
340 1503 601 1555 sanatur.

1070 1598 1229 1662 CAP.
1276 1599 1428 1660 XIII.

552 1711 949 1767 Dentifrioia
991 1712 1264 1768 diversa
1310 1712 1396 1767 de
1445 1711 1949 1781 experimentis.

412 1848 843 1929 Dentifricium,
890 1848 1050 1928 quod
1098 1848 1442 1928 splendidos
1490 1849 1630 1909 facit
1675 1848 1902 1928 dentes,
1945 1849 2259 1909 conficitur
2299 1862 2327 1909 1

148 1958 205 1999 15
235 1940 345 1998 sic:
376 1936 626 1998 Farinae
646 1937 982 1998 hordiaciae
1003 1935 1066 1999 ἃ
1088 1935 1114 1997 Ι
1142 1940 1459 2016 conspargi
1485 1944 1722 2015 oportet
1741 1945 1907 1997 aceto
1928 1955 2065 1998 cum
2085 1937 2257 1998 melle

230 2028 417 2087 mixto
447 2035 507 2087 et
536 2025 732 2105 subigi
759 2026 985 2087 diutius
1014 2034 1192 2106 atque
1219 2029 1302 2087 ita
1334 2028 1395 2087 in
1434 2025 1702 2104 globulos
1740 2025 1923 2086 dividi
1959 2043 2090 2106 sex;
2129 2029 2255 2104 qui-

229 2115 346 2176 hus
376 2115 634 2176 dilatatis
662 2116 977 2176 admisceri
1004 2115 1144 2176 salis
1172 2116 1400 2176 fossicii
1427 2117 1809 2193 semunciam,
1836 2114 2064 2195 deinde,
2080 2114 2256 2176 furno

230 2206 436 2284 coqui,
482 2204 671 2265 donec
716 2207 780 2264 in
826 2203 1146 2264 carbonem
1191 2204 1564 2284 redigantur3
1611 2212 1756 2265 tunc
1802 2205 1918 2264 teri
1958 2204 2258 2283 oportebit

230 2292 436 2356 eadem
468 2301 529 2354 et
555 2294 872 2354 admisceri
899 2294 1096 2371 spicae
1126 2294 1297 2354 nardi
1324 2291 1416 2353 vel
1444 2292 1569 2353 folii
1597 2292 1757 2372 quod
1786 2294 1929 2353 satis
1960 2292 2255 2354 videbitur

143 2403 201 2442 so
230 2381 302 2441 ad
350 2382 594 2443 odorem
642 2382 1004 2443 faciendum:
1050 2382 1164 2442 hoc
1200 2381 1442 2443 Octavia
1479 2383 1734 2459 Augusti
1775 2399 1946 2441 soror
1993 2399 2097 2442 usa
2146 2392 2253 2443 est.

226 2461 520 2531 Dentibus
550 2471 828 2532 curandis
857 2470 1009 2531 bene
1035 2471 1174 2531 facit
1201 2470 1419 2531 radicis
1448 2470 1656 2550 eduliS,
1694 2468 1752 2530 id
1792 2478 1885 2530 est
1912 2487 2063 2549 quae
2094 2488 2253 2530 man·
2292 2483 2324 2531 2

224 2559 498 2640 ducatur,
537 2567 743 2621 cortex
778 2560 1035 2620 arefacta
1072 2569 1132 2619 et
1169 2567 1418 2619 contusa
1446 2558 1822 2637 cribrataque
1849 2576 1959 2638 pro
1988 2558 2254 2619 dentifri-

225 2650 321 2707 cio
351 2648 631 2710 adhibita.
667 2648 898 2709 Vitrum
928 2647 1263 2728 candidum,
1294 2647 1451 2726 quod
1482 2647 1673 2707 simile
1694 2655 1785 2707 est
1804 2645 2098 2726 crystallo,
2126 2647 2254 2708 dili·
2292 2661 2324 2710 3

226 2746 440 2815 genter
469 2739 678 2798 tritum
714 2737 970 2797 admixta
1010 2738 1170 2815 spica
1210 2735 1382 2797 nardi
1418 2754 1528 2815 pro
1558 2734 1895 2796 dentifricio
1924 2734 2254 2797 adhibitum

138 2845 195 2886 25
223 2825 552 2904 plurimum
581 2825 841 2905 prodest.
899 2824 1161 2886 Utuntur
1195 2825 1465 2904 plerique
1496 2827 1675 2885 etiam
1702 2824 2041 2885 huiusmodi
2069 2825 2255 2885 denti-

222 2915 429 2975 fricio:
466 2914 725 2975 Herbam
753 2914 1123 2975 urceolarem
1153 2932 1328 2992 quam
1359 2913 1671 2992 plurimam
1703 2931 1839 2974 cum
1869 2912 2066 2973 radice
2095 2913 2254 2974 colli·
2292 2927 2326 2975 4

221 3012 393 3083 gunt,
431 3004 646 3065 deinde
684 3002 861 3064 lotam
906 3021 1023 3063 uno
1054 3003 1149 3063 die
1179 3005 1422 3081 siccant,
1449 3009 1585 3081 post
1612 3002 1769 3063 diem
1799 3002 2027 3062 recenti
2063 3004 2254 3063 muria

220 3101 547 3173 macerant,
582 3094 762 3153 tertio
799 3092 895 3153 die
934 3109 1274 3172 expressam
1313 3093 1376 3151 in
1405 3090 1517 3151 olla
1546 3109 1694 3151 nova
1723 3100 2088 3170 componunt
2116 3091 2252 3154 sub·

222 3182 365 3242 inde
405 3182 544 3242 salis
582 3182 809 3242 fossicii
836 3182 1008 3259 quasi
1034 3180 1295 3241 tabulata
1322 3182 1771 3259 interponentes
1800 3188 1976 3259 atque
2010 3182 2093 3241 ita
2119 3199 2253 3262 per-

136 3288 194 3328 30
222 3279 495 3350 coquunt
514 3270 754 3332 fornace
775 3268 1056 3351 balneari,
1074 3270 1263 3330 donec
1287 3271 1351 3329 in
1370 3267 1690 3330 carbonem
1708 3268 2029 3348 redigatur,
2048 3279 2253 3349 postea

221 3363 401 3420 tritae
440 3359 768 3421 admiscent
805 3360 1003 3437 spicae
1031 3358 1203 3419 nardi
1231 3356 1388 3437 quod
1420 3359 1562 3419 satis
1593 3360 1687 3438 sit,
1717 3360 1855 3438 quia
1884 3367 1944 3419 et
1971 3356 2254 3419 candidos

368 3500 400 3548 2
444 3495 723 3549 veratrum
754 3494 983 3565 scripsi:
1011 3497 1310 3549 veretrum.
1403 3496 1436 3545 ὅ
1463 3492 1727 3546 ruborum
1758 3493 1938 3548 Ptin„-
1965 3493 2251 3546 ramicum.

219 3569 255 3618 8
295 3566 572 3621 labentes.
684 3572 750 3620 10
785 3565 903 3621 flos.
1016 3571 1080 3619 15
1111 3564 1408 3619 ordiaeiae.
1503 3568 1572 3616 20
1602 3562 1867 3619 Octoriia.
1958 3569 2025 3616 22
2055 3564 2251 3617 cortix.

219 3643 293 3691 23
333 3636 643 3692 canditum.
751 3643 819 3691 26
858 3636 1136 3706 eolligunt
1170 3653 1271 3691 om.
1382 3640 1450 3688 27
1489 3634 1712 3688 murria.
1822 3641 1886 3689 31
1921 3633 2250 3688 admiscunt.
