2575 4092
1008 231 1457 296 -97-

205 393 292 453 Ad
340 393 647 454 auriculae
686 401 984 455 tumorem
1022 401 1081 455 et
1118 394 1385 455 dolorem
1423 396 1553 455 sine
1593 393 1794 456 ulcere
1834 395 2078 475 prodest
2115 395 2249 457 ber·
2287 407 2357 459 32

205 482 314 543 bae
364 481 699 543 urceolaris
737 492 840 543 aut
877 481 1222 545 cucurbitae
1262 491 1669 545 ramentorum
1711 502 1894 545 sucus
1930 502 2143 546 recens
2180 503 2249 546 ac

205 580 417 651 tepens
485 590 593 651 per
660 569 951 650 strigilem
1017 573 1079 632 in
1144 571 1410 632 foramen
1467 573 1631 633 auris
1685 572 1942 634 dolentis
1996 573 2247 636 infusus.

167 659 496 721 .Cutiones
552 658 837 721 bestiolae
895 668 1035 721 sunt
1088 659 1447 739 multipedes
1509 669 1649 722 cute
1705 660 1853 722 dura
1917 670 1979 723 et
2042 662 2249 743 solida,
2285 677 2355 727 83

154 767 180 808 5
208 766 362 827 quae
411 755 605 809 tactae
652 747 990 828 conplicant
1035 767 1099 810 se
1146 752 1207 810 in
1255 748 1464 810 orbem
1509 748 1727 829 pilulae
1773 750 2249 832 rotundissimae,

206 836 538 916 polypodas
575 837 786 898 Graeci
824 837 1146 919 appellant3
1193 838 1304 899 bae
1347 838 1666 918 conplures
1703 847 1906 901 coctae
1943 858 2081 900 cum
2119 840 2248 901 oleo

208 925 376 986 molli
434 928 496 986 in
556 944 689 986 vaso
745 926 940 987 ferreo
996 926 1261 987 remedio
1319 935 1462 988 sunt
1517 926 1762 989 auribus
1823 926 2248 1010 laborantibus,

207 1016 261 1075 si
309 1014 453 1075 inde
502 1023 808 1076 curentur.
899 1014 1079 1076 Gliris
1125 1017 1346 1095 pingue
1393 1024 1455 1077 et
1500 1015 1747 1095 gallinae
1795 1015 1976 1097 adeps
2022 1026 2081 1078 et
2126 1035 2247 1078 me·
2284 1030 2356 1079 34

208 1103 370 1164 dulla
410 1102 695 1164 bubulina
734 1103 828 1163 vel
864 1107 1097 1165 taurina
1139 1104 1451 1184 liquefacta
1489 1112 1820 1184 tepensque
1859 1106 2053 1167 infusa
2092 1108 2246 1167 auri·

126 1212 177 1251 10
204 1192 321 1253 bus
369 1191 693 1271 plurimum
740 1192 1003 1271 prodest.
1095 1191 1255 1254 Bene
1305 1193 1443 1254 facit
1488 1192 1600 1254 1166
1648 1193 2147 1256 medicamentum
2186 1203 2247 1256 et
2283 1206 2352 1256 36

202 1280 274 1341 ad
334 1290 634 1341 tumorem
699 1288 761 1342 et
815 1281 886 1342 ad
943 1280 1447 1344 exulcerationem
1512 1284 1772 1344 aurium:
1855 1285 2023 1344 Aceti
2087 1285 2245 1345 acris

203 1372 484 1430 sextariis
523 1369 758 1433 duobus
794 1372 1202 1450 incoquuntur
1239 1370 1391 1432 mala
1428 1381 1669 1450 granata
1709 1371 1849 1452 duo,
1887 1371 2107 1452 quibus
2144 1391 2242 1434 co·

202 1460 373 1519 riarii
431 1469 683 1520 utuntur
747 1466 809 1519 et
863 1462 1001 1538 quia
1057 1476 1293 1539 semper
1351 1459 1517 1520 acida
1573 1468 1715 1521 sunt
1784 1478 1896 1520 nec
1959 1479 2243 1540 umquam

204 1555 636 1628 maturescunt,
683 1546 859 1608 rboas
904 1549 1069 1608 oxias
1105 1548 1251 1609 haec
1288 1547 1501 1610 Graeci
1538 1548 1761 1609 dicunt.
1839 1547 1990 1609 Tum
2029 1547 2243 1610 deinde

19 1625 22 1680 5
124 1654 175 1695 15
202 1635 550 1697 adiciuntur
594 1636 689 1696 his
737 1643 798 1696 et
842 1635 1248 1698 admiscentur
1294 1636 1569 1697 aluminis
1606 1637 1731 1696 fissi
1772 1668 1855 1678 —
1893 1634 1964 1717 11,
2011 1638 2243 1698 acaciae

205 1726 345 1785 suci
388 1723 446 1784 11
501 1734 561 1786 et
615 1743 754 1785 cum
809 1724 960 1785 bene
1016 1727 1306 1805 permixta
1363 1724 1510 1785 11666
1556 1733 1618 1784 et
1663 1726 1949 1803 coagitata
1997 1724 2243 1803 fuerint,

202 1815 526 1893 reponitur
568 1812 1066 1875 medicamentum
1112 1817 1173 1874 in
1217 1812 1475 1893 ampulla
1512 1815 1723 1894 vitrea3
1771 1831 1906 1873 cum
1945 1831 2097 1893 opus
2134 1824 2243 1894 est,

206 1903 279 1963 ad
340 1911 633 1963 tumorem
692 1902 947 1963 calidum
994 1920 1104 1983 per
1151 1902 1440 1981 strigilem
1489 1900 1826 1963 infunditur
1873 1910 1934 1962 et
1978 1902 2241 1962 foramen

206 2009 507 2052 summum
563 1991 865 2051 auriculae
921 1990 1053 2052 lana
1110 1990 1316 2052 sucida
1371 1992 1621 2071 tegitur,
1686 1989 1759 2052 ad
1818 1989 1988 2051 ulcus
2044 1998 2243 2051 autem

19 2105 22 2108 >
120 2099 177 2139 so
207 2079 488 2158 frigidius
542 2080 909 2141 medicamen
965 2098 1074 2160 per
1128 2079 1398 2142 eiusdem
1451 2080 1691 2158 generis
1742 2078 1935 2140 lanam
1981 2086 2040 2140 et
2087 2081 2242 2140 auri·

207 2167 499 2247 scalpium
527 2170 789 2231 inicitur.
848 2168 1020 2229 Aliud
1052 2168 1549 2229 medicamentum
1581 2168 1651 2229 ad
1684 2178 1977 2229 tumorem
2007 2173 2239 2231 aurium
2279 2181 2347 2230 86

206 2265 268 2318 et
315 2257 846 2319 exulcerationem:
891 2256 1081 2317 Mellis
1120 2255 1315 2337 cyathi
1352 2256 1449 2337 111,
1488 2259 1642 2318 aceti
1683 2259 1837 2318 acris
1866 2256 2114 2336 cyathus
2145 2255 2170 2316 1
2200 2256 2241 2318 S

205 2348 557 2428 miscentur,
594 2355 799 2425 postea
838 2345 1093 2407 adicitur
1129 2347 1257 2424 gari
1296 2347 1505 2424 optimi
1538 2345 1786 2426 cyathus
1813 2364 1989 2425 unus,
2027 2344 2241 2406 deinde

206 2433 570 2495 carbonibus
625 2437 995 2514 infervescit,
1052 2436 1225 2495 cuius
1280 2452 1489 2513 spuma
1541 2452 1797 2513 surgens
1851 2433 2096 2514 pinnula
2144 2433 2242 2494 ab·

118 2541 178 2582 aa
205 2525 391 2584 icitur
436 2532 498 2583 et
542 2533 664 2585 tam
710 2524 812 2584 diu
851 2526 1131 2602 coquitur
1167 2522 1257 2583 vel
1296 2525 1569 2603 agitatur,
1617 2522 1804 2583 donec
1842 2522 2056 2583 habeat
2093 2523 2240 2600 spis-

208 2612 557 2674 situdinem:
603 2613 717 2673 hoc
764 2611 953 2673 calido
1002 2612 1072 2672 ad
1120 2619 1436 2691 tumorem,
1463 2611 1699 2690 *frigido
1745 2611 1818 2672 ad
1866 2610 2056 2692 ulcuS,
2104 2628 2240 2672 cum

207 2700 536 2782 oportebit,
594 2703 799 2762 uteris
890 2700 1039 2761 Item
1096 2699 1247 2761 bene
1296 2700 1438 2761 facit
1483 2698 1629 2760 haec
1676 2701 2008 2778 conpositio
2061 2701 2238 2759 etiam
2276 2711 2344 2761 37

207 2790 281 2849 611
331 2797 590 2850 veterem
639 2791 874 2851 aurium
922 2789 1213 2850 dolorem:
1267 2788 1558 2849 Aluminis
1606 2788 1668 2848 P.
1715 2786 1766 2867 I,
1820 2787 2012 2848 mellis
2058 2788 2121 2848 P.
2167 2787 2237 2848 11.

206 2877 368 2939 Haec
425 2881 486 2938 111
542 2881 825 2939 mortario
883 2880 1052 2957 prius
1109 2876 1260 2937 bene
1310 2878 1658 2956 permisceri
1705 2884 1968 2958 oportet,
2024 2876 2239 2937 deinde

118 2984 177 3025 so
207 2966 323 3026 olla
361 2984 511 3027 nova
548 2970 818 3048 excoqui,
855 2967 1044 3027 donec
1082 2964 1338 3027 habeant
1367 2965 1558 3026 mellis
1588 2965 2063 3045 spissitudinem3
2101 2983 2238 3025 cum

208 3073 362 3134 opus
402 3064 511 3135 est,
549 3055 885 3116 infunditur
922 3057 983 3115 in
1022 3053 1347 3115 auriculam
1385 3072 1458 3114 ex
1496 3053 1627 3115 lana
1655 3052 2021 3133 conchyliata
2051 3072 2238 3134 eaque

208 3142 535 3225 clauditur3
579 3144 693 3204 hoc
733 3154 792 3204 et
830 3141 1187 3205 conbustum
1232 3144 1429 3204 locum
1475 3161 1685 3203 sanum
1727 3142 1926 3203 reddit
1971 3144 2098 3204 sine
2138 3143 2238 3203 do·

206 3232 333 3294 lore
381 3241 443 3294 et
489 3235 617 3293 sine
664 3235 969 3312 cicatrice,
1020 3234 1071 3292 si
1117 3234 1173 3292 ei
1219 3234 1493 3312 protinus
1546 3234 1883 3312 inponatur.
1977 3231 2042 3292 Si
2097 3250 2235 3292 caro
2275 3242 2343 3292 38

208 3324 543 3383 excreverit
587 3323 652 3381 in
698 3321 984 3381 foramine
1032 3323 1212 3402 auriS,
1262 3323 1672 3400 conprimetur
1711 3322 1837 3380 sine
1886 3319 2088 3380 dolore
2136 3327 2238 3380 aut

355 3533 383 3582 1
421 3526 677 3583 auricula.
712 3527 771 3580 et
805 3542 1073 3582 umorem.
1291 3534 1323 3582 6
1361 3526 1493 3597 hae]
1534 3526 1690 3581 haec.
1910 3530 1940 3580 ⁷
1977 3522 2235 3578 ferreum.

212 3605 278 3654 12
314 3598 709 3667 inquocuntur.
853 3604 922 3654 2⁷
960 3598 1120 3669 facit]
1160 3598 1345 3654 facite.
1492 3602 1561 3651 80
1599 3597 1823 3651 habeat.

314 3699 642 3749 Mancnnnus,
670 3707 747 3737 ιι).
776 3697 1089 3738 Hnnmtcn.
1886 3688 1915 3736 7
