<?xml version="1.0" encoding="UTF-8"?>
<!DOCTYPE html PUBLIC "-//W3C//DTD XHTML 1.0 Transitional//EN"
    "http://www.w3.org/TR/xhtml1/DTD/xhtml1-transitional.dtd">
<html xmlns="http://www.w3.org/1999/xhtml" xml:lang="en" lang="en">
 <head>
  <title>
</title>
<meta http-equiv="Content-Type" content="text/html;charset=utf-8" />
  <meta name='ocr-system' content='tesseract 3.04.00' />
  <meta name='ocr-capabilities' content='ocr_page ocr_carea ocr_par ocr_line ocrx_word'/>
</head>
<body>
  <div class='ocr_page' id='page_1' title='image "./marcellidemedic00unkngoog_0116.png"; bbox 0 0 2575 4092; ppageno 0'>
   <div class='ocr_carea' id='block_1_1' title="bbox 241 1204 309 1253">
    <p class='ocr_par' dir='ltr' id='par_1_1' title="bbox 241 1204 309 1253">
     <span class='ocr_line' id='line_1_1' title="bbox 241 1204 309 1253; baseline 0.015 -1"><span class='ocrx_word' id='word_1_1' title='bbox 241 1204 309 1253; x_wconf 80' lang='lat'><strong>39</strong></span> 
     </span>
    </p>
   </div>
   <div class='ocr_carea' id='block_1_2' title="bbox 239 1380 309 1517">
    <p class='ocr_par' dir='ltr' id='par_1_2' title="bbox 239 1380 309 1517">
     <span class='ocr_line' id='line_1_2' title="bbox 239 1380 309 1429; baseline 0.029 -2"><span class='ocrx_word' id='word_1_2' title='bbox 239 1380 309 1429; x_wconf 87' lang='grc'><strong>40</strong></span> 
     </span>
     <span class='ocr_line' id='line_1_3' title="bbox 240 1468 308 1517; baseline 0 0"><span class='ocrx_word' id='word_1_3' title='bbox 240 1468 308 1517; x_wconf 82' lang='grc'><strong>41</strong></span> 
     </span>
    </p>
   </div>
   <div class='ocr_carea' id='block_1_3' title="bbox 240 1645 308 1695">
    <p class='ocr_par' dir='ltr' id='par_1_3' title="bbox 240 1645 308 1695">
     <span class='ocr_line' id='line_1_4' title="bbox 240 1645 308 1695; baseline 0.029 -2"><span class='ocrx_word' id='word_1_4' title='bbox 240 1645 308 1695; x_wconf 82' lang='lat'><strong>42</strong></span> 
     </span>
    </p>
   </div>
   <div class='ocr_carea' id='block_1_4' title="bbox 240 1824 310 1872">
    <p class='ocr_par' dir='ltr' id='par_1_4' title="bbox 240 1824 310 1872">
     <span class='ocr_line' id='line_1_5' title="bbox 240 1824 310 1872; baseline 0.029 -2"><span class='ocrx_word' id='word_1_5' title='bbox 240 1824 310 1872; x_wconf 83' lang='lat'><strong>43</strong></span> 
     </span>
    </p>
   </div>
   <div class='ocr_carea' id='block_1_5' title="bbox 242 2353 314 2402">
    <p class='ocr_par' dir='ltr' id='par_1_5' title="bbox 242 2353 314 2402">
     <span class='ocr_line' id='line_1_6' title="bbox 242 2353 314 2402; baseline 0.014 -1"><span class='ocrx_word' id='word_1_6' title='bbox 242 2353 314 2402; x_wconf 81' lang='lat'><strong>44</strong></span> 
     </span>
    </p>
   </div>
   <div class='ocr_carea' id='block_1_6' title="bbox 248 2620 316 2667">
    <p class='ocr_par' dir='ltr' id='par_1_6' title="bbox 248 2620 316 2667">
     <span class='ocr_line' id='line_1_7' title="bbox 248 2620 316 2667; baseline 0.029 -2"><span class='ocrx_word' id='word_1_7' title='bbox 248 2620 316 2667; x_wconf 85' lang='lat'><strong>45</strong></span> 
     </span>
    </p>
   </div>
   <div class='ocr_carea' id='block_1_7' title="bbox 246 2797 315 2845">
    <p class='ocr_par' dir='ltr' id='par_1_7' title="bbox 246 2797 315 2845">
     <span class='ocr_line' id='line_1_8' title="bbox 246 2797 315 2845; baseline 0.043 -3"><span class='ocrx_word' id='word_1_8' title='bbox 246 2797 315 2845; x_wconf 87' lang='grc'><strong>46</strong></span> 
     </span>
    </p>
   </div>
   <div class='ocr_carea' id='block_1_8' title="bbox 245 2973 314 3021">
    <p class='ocr_par' dir='ltr' id='par_1_8' title="bbox 245 2973 314 3021">
     <span class='ocr_line' id='line_1_9' title="bbox 245 2973 314 3021; baseline 0 0"><span class='ocrx_word' id='word_1_9' title='bbox 245 2973 314 3021; x_wconf 82' lang='lat'><strong>47</strong></span> 
     </span>
    </p>
   </div>
   <div class='ocr_carea' id='block_1_9' title="bbox 245 3239 314 3377">
    <p class='ocr_par' dir='ltr' id='par_1_9' title="bbox 245 3239 314 3377">
     <span class='ocr_line' id='line_1_10' title="bbox 245 3239 314 3288; baseline 0.014 -1"><span class='ocrx_word' id='word_1_10' title='bbox 245 3239 314 3288; x_wconf 85' lang='lat'><strong>48</strong></span> 
     </span>
     <span class='ocr_line' id='line_1_11' title="bbox 246 3328 314 3377; baseline 0.029 -2"><span class='ocrx_word' id='word_1_11' title='bbox 246 3328 314 3377; x_wconf 87' lang='grc'><strong>49</strong></span> 
     </span>
    </p>
   </div>
   <div class='ocr_carea' id='block_1_10' title="bbox 1146 227 1578 293">
    <p class='ocr_par' dir='ltr' id='par_1_10' title="bbox 1146 227 1578 293">
     <span class='ocr_line' id='line_1_12' title="bbox 1146 227 1578 293; baseline -0.005 -17"><span class='ocrx_word' id='word_1_12' title='bbox 1146 227 1578 293; x_wconf 76' lang='grc'>..98-</span> 
     </span>
    </p>
   </div>
   <div class='ocr_carea' id='block_1_11' title="bbox 343 388 2469 3397">
    <p class='ocr_par' dir='ltr' id='par_1_11' title="bbox 343 388 2469 3397">
     <span class='ocr_line' id='line_1_13' title="bbox 344 388 2383 471; baseline -0.002 -17"><span class='ocrx_word' id='word_1_13' title='bbox 344 394 506 454; x_wconf 85' lang='lat' dir='ltr'><strong>ferro</strong></span> <span class='ocrx_word' id='word_1_14' title='bbox 552 391 666 452; x_wconf 87' lang='lat' dir='ltr'><strong>hoc</strong></span> <span class='ocrx_word' id='word_1_15' title='bbox 713 390 967 471; x_wconf 85' lang='lat' dir='ltr'><strong>pastillo,</strong></span> <span class='ocrx_word' id='word_1_16' title='bbox 1012 392 1118 470; x_wconf 87' lang='lat' dir='ltr'><strong>qui</strong></span> <span class='ocrx_word' id='word_1_17' title='bbox 1163 392 1480 452; x_wconf 83' lang='lat' dir='ltr'><strong>conficitur</strong></span> <span class='ocrx_word' id='word_1_18' title='bbox 1526 391 1638 452; x_wconf 83' lang='lat' dir='ltr'><strong>sic:</strong></span> <span class='ocrx_word' id='word_1_19' title='bbox 1684 389 1978 451; x_wconf 80' lang='lat' dir='ltr'><strong>Aluminis</strong></span> <span class='ocrx_word' id='word_1_20' title='bbox 2023 391 2151 451; x_wconf 83' lang='lat' dir='ltr'><strong>fissi</strong></span> <span class='ocrx_word' id='word_1_21' title='bbox 2196 388 2258 451; x_wconf 89' lang='lat' dir='ltr'><strong>P.</strong></span> <span class='ocrx_word' id='word_1_22' title='bbox 2305 389 2383 470; x_wconf 91' lang='lat'><strong>11,</strong></span> 
     </span>
     <span class='ocr_line' id='line_1_14' title="bbox 343 473 2386 561; baseline -0.001 -19"><span class='ocrx_word' id='word_1_23' title='bbox 343 482 644 560; x_wconf 80' lang='lat' dir='ltr'><strong>aeruginis</strong></span> <span class='ocrx_word' id='word_1_24' title='bbox 694 480 756 541; x_wconf 90' lang='lat' dir='ltr'><strong>P.</strong></span> <span class='ocrx_word' id='word_1_25' title='bbox 796 479 875 558; x_wconf 92' lang='lat'><strong>11,</strong></span> <span class='ocrx_word' id='word_1_26' title='bbox 922 481 1099 540; x_wconf 90' lang='lat' dir='ltr'><strong>misui</strong></span> <span class='ocrx_word' id='word_1_27' title='bbox 1145 482 1269 540; x_wconf 89' lang='lat' dir='ltr'><strong>usti</strong></span> <span class='ocrx_word' id='word_1_28' title='bbox 1315 478 1377 540; x_wconf 89' lang='lat' dir='ltr'><strong>P.</strong></span> <span class='ocrx_word' id='word_1_29' title='bbox 1417 479 1498 561; x_wconf 86' lang='lat'><strong>11,</strong></span> <span class='ocrx_word' id='word_1_30' title='bbox 1544 473 1832 557; x_wconf 74' lang='lat' dir='ltr'>rubricae}</span> <span class='ocrx_word' id='word_1_31' title='bbox 1868 478 2172 559; x_wconf 86' lang='lat' dir='ltr'>Sinopidis</span> <span class='ocrx_word' id='word_1_32' title='bbox 2208 476 2271 539; x_wconf 91' lang='lat' dir='ltr'><strong>P.</strong></span> <span class='ocrx_word' id='word_1_33' title='bbox 2309 478 2386 556; x_wconf 90' lang='lat'><strong>11,</strong></span> 
     </span>
     <span class='ocr_line' id='line_1_15' title="bbox 343 567 2385 650; baseline -0.001 -19"><span class='ocrx_word' id='word_1_34' title='bbox 343 571 598 650; x_wconf 84' lang='lat' dir='ltr'><strong>gummis</strong></span> <span class='ocrx_word' id='word_1_35' title='bbox 628 569 691 630; x_wconf 90' lang='lat' dir='ltr'><strong>P.</strong></span> <span class='ocrx_word' id='word_1_36' title='bbox 722 567 764 630; x_wconf 90' lang='grc' dir='ltr'><strong>Ι.</strong></span> <span class='ocrx_word' id='word_1_37' title='bbox 839 568 1144 630; x_wconf 89' lang='lat' dir='ltr'><strong>Teruntur</strong></span> <span class='ocrx_word' id='word_1_38' title='bbox 1180 570 1414 647; x_wconf 90' lang='lat' dir='ltr'><strong>species</strong></span> <span class='ocrx_word' id='word_1_39' title='bbox 1452 570 1683 648; x_wconf 81' lang='lat' dir='ltr'><strong>priores</strong></span> <span class='ocrx_word' id='word_1_40' title='bbox 1712 586 1783 627; x_wconf 90' lang='lat' dir='ltr'><strong>ex</strong></span> <span class='ocrx_word' id='word_1_41' title='bbox 1813 575 1981 628; x_wconf 94' lang='lat' dir='ltr'><strong>aceto</strong></span> <span class='ocrx_word' id='word_1_42' title='bbox 2010 570 2152 648; x_wconf 88' lang='lat' dir='ltr'><strong>acri,</strong></span> <span class='ocrx_word' id='word_1_43' title='bbox 2190 567 2385 628; x_wconf 92' lang='lat' dir='ltr'><strong>donec</strong></span> 
     </span>
     <span class='ocr_line' id='line_1_16' title="bbox 346 656 2419 738; baseline -0.003 -18"><span class='ocrx_word' id='word_1_44' title='bbox 346 660 516 738; x_wconf 89' lang='lat' dir='ltr'><strong>quasi</strong></span> <span class='ocrx_word' id='word_1_45' title='bbox 554 657 791 737; x_wconf 80' lang='lat' dir='ltr'><strong>collyrii</strong></span> <span class='ocrx_word' id='word_1_46' title='bbox 828 657 1123 719; x_wconf 81' lang='lat' dir='ltr'><strong>confectio</strong></span> <span class='ocrx_word' id='word_1_47' title='bbox 1160 656 1322 718; x_wconf 90' lang='lat' dir='ltr'><strong>leves</strong></span> <span class='ocrx_word' id='word_1_48' title='bbox 1359 658 1529 738; x_wconf 82' lang='lat' dir='ltr'><strong>fiant3</strong></span> <span class='ocrx_word' id='word_1_49' title='bbox 1566 657 1840 717; x_wconf 89' lang='lat' dir='ltr'><strong>ultimum</strong></span> <span class='ocrx_word' id='word_1_50' title='bbox 1871 659 2097 733; x_wconf 88' lang='lat' dir='ltr'><strong>gummi</strong></span> <span class='ocrx_word' id='word_1_51' title='bbox 2124 656 2386 717; x_wconf 89' lang='lat' dir='ltr'><strong>adicitur</strong></span> <span class='ocrx_word' id='word_1_52' title='bbox 2416 707 2419 712; x_wconf 93' lang='lat'><strong>.</strong></span> 
     </span>
     <span class='ocr_line' id='line_1_17' title="bbox 345 745 2440 827; baseline -0.002 -19"><span class='ocrx_word' id='word_1_53' title='bbox 345 757 406 808; x_wconf 84' lang='lat' dir='ltr'><strong>et</strong></span> <span class='ocrx_word' id='word_1_54' title='bbox 451 749 761 826; x_wconf 84' lang='lat' dir='ltr'><strong>finguntur</strong></span> <span class='ocrx_word' id='word_1_55' title='bbox 806 745 1043 827; x_wconf 82' lang='lat' dir='ltr'><strong>pastilli,</strong></span> <span class='ocrx_word' id='word_1_56' title='bbox 1088 748 1193 824; x_wconf 89' lang='lat' dir='ltr'><strong>qui</strong></span> <span class='ocrx_word' id='word_1_57' title='bbox 1237 746 1311 806; x_wconf 92' lang='lat' dir='ltr'><strong>ad</strong></span> <span class='ocrx_word' id='word_1_58' title='bbox 1358 748 1555 806; x_wconf 91' lang='lat' dir='ltr'><strong>omnia</strong></span> <span class='ocrx_word' id='word_1_59' title='bbox 1598 745 1799 806; x_wconf 86' lang='lat' dir='ltr'><strong>ulcera</strong></span> <span class='ocrx_word' id='word_1_60' title='bbox 1837 745 2067 806; x_wconf 79' lang='lat' dir='ltr'><strong>faciunt</strong></span> <span class='ocrx_word' id='word_1_61' title='bbox 2099 763 2249 825; x_wconf 86' lang='lat' dir='ltr'><strong>aqua</strong></span> <span class='ocrx_word' id='word_1_62' title='bbox 2287 745 2380 806; x_wconf 90' lang='lat' dir='ltr'><strong>di·</strong></span> <span class='ocrx_word' id='word_1_63' title='bbox 2412 761 2440 803; x_wconf 87' lang='lat'><strong>5</strong></span> 
     </span>
     <span class='ocr_line' id='line_1_18' title="bbox 344 834 2388 916; baseline -0.001 -20"><span class='ocrx_word' id='word_1_64' title='bbox 344 836 456 898; x_wconf 92' lang='lat' dir='ltr'><strong>luti</strong></span> <span class='ocrx_word' id='word_1_65' title='bbox 496 834 802 915; x_wconf 81' lang='lat' dir='ltr'><strong>emplastri</strong></span> <span class='ocrx_word' id='word_1_66' title='bbox 850 853 1013 896; x_wconf 90' lang='lat' dir='ltr'><strong>more</strong></span> <span class='ocrx_word' id='word_1_67' title='bbox 1050 837 1315 916; x_wconf 83' lang='lat' dir='ltr'><strong>inpositi,</strong></span> <span class='ocrx_word' id='word_1_68' title='bbox 1363 853 1500 895; x_wconf 91' lang='lat' dir='ltr'><strong>cum</strong></span> <span class='ocrx_word' id='word_1_69' title='bbox 1537 842 1642 895; x_wconf 93' lang='lat' dir='ltr'><strong>aut</strong></span> <span class='ocrx_word' id='word_1_70' title='bbox 1677 842 1945 896; x_wconf 89' lang='lat' dir='ltr'><strong>tumores</strong></span> <span class='ocrx_word' id='word_1_71' title='bbox 1983 835 2388 914; x_wconf 90' lang='lat' dir='ltr'><strong>conpescendi</strong></span> 
     </span>
     <span class='ocr_line' id='line_1_19' title="bbox 346 922 2385 1004; baseline -0.002 -18"><span class='ocrx_word' id='word_1_72' title='bbox 346 932 485 987; x_wconf 91' lang='lat' dir='ltr'><strong>sunt</strong></span> <span class='ocrx_word' id='word_1_73' title='bbox 549 932 651 985; x_wconf 90' lang='lat' dir='ltr'><strong>aut</strong></span> <span class='ocrx_word' id='word_1_74' title='bbox 715 926 1027 985; x_wconf 82' lang='lat' dir='ltr'><strong>cicatrices</strong></span> <span class='ocrx_word' id='word_1_75' title='bbox 1094 923 1424 1004; x_wconf 82' lang='lat' dir='ltr'><strong>sedandae3</strong></span> <span class='ocrx_word' id='word_1_76' title='bbox 1496 922 1599 984; x_wconf 91' lang='lat' dir='ltr'><strong>sed</strong></span> <span class='ocrx_word' id='word_1_77' title='bbox 1661 922 2069 1001; x_wconf 90' lang='lat' dir='ltr'><strong>aquatioribus</strong></span> <span class='ocrx_word' id='word_1_78' title='bbox 2132 922 2227 983; x_wconf 89' lang='lat' dir='ltr'><strong>his</strong></span> <span class='ocrx_word' id='word_1_79' title='bbox 2288 924 2385 983; x_wconf 89' lang='lat' dir='ltr'><strong>uti</strong></span> 
     </span>
     <span class='ocr_line' id='line_1_20' title="bbox 346 1011 2383 1095; baseline -0.001 -21"><span class='ocrx_word' id='word_1_80' title='bbox 346 1021 610 1095; x_wconf 84' lang='lat' dir='ltr'><strong>oportet,</strong></span> <span class='ocrx_word' id='word_1_81' title='bbox 671 1031 808 1073; x_wconf 92' lang='lat' dir='ltr'><strong>cum</strong></span> <span class='ocrx_word' id='word_1_82' title='bbox 864 1015 1110 1073; x_wconf 82' lang='lat' dir='ltr'><strong>cicatrix</strong></span> <span class='ocrx_word' id='word_1_83' title='bbox 1171 1011 1441 1073; x_wconf 90' lang='lat' dir='ltr'><strong>ducenda</strong></span> <span class='ocrx_word' id='word_1_84' title='bbox 1490 1019 1607 1093; x_wconf 90' lang='lat' dir='ltr'><strong>est,</strong></span> <span class='ocrx_word' id='word_1_85' title='bbox 1672 1021 1739 1073; x_wconf 91' lang='lat' dir='ltr'><strong>ut</strong></span> <span class='ocrx_word' id='word_1_86' title='bbox 1793 1011 2024 1072; x_wconf 81' lang='lat' dir='ltr'><strong>facilius</strong></span> <span class='ocrx_word' id='word_1_87' title='bbox 2079 1011 2383 1072; x_wconf 87' lang='lat' dir='ltr'><strong>auriculae</strong></span> 
     </span>
     <span class='ocr_line' id='line_1_21' title="bbox 347 1090 2457 1179; baseline -0.002 -16"><span class='ocrx_word' id='word_1_88' title='bbox 347 1104 706 1163; x_wconf 89' lang='lat' dir='ltr'><strong>inserantur.</strong></span> <span class='ocrx_word' id='word_1_89' title='bbox 780 1100 940 1162; x_wconf 89' lang='lat' dir='ltr'><strong>Bene</strong></span> <span class='ocrx_word' id='word_1_90' title='bbox 989 1101 1213 1162; x_wconf 82' lang='lat' dir='ltr'><strong>faciunt</strong></span> <span class='ocrx_word' id='word_1_91' title='bbox 1258 1101 1419 1161; x_wconf 90' lang='lat' dir='ltr'><strong>idem</strong></span> <span class='ocrx_word' id='word_1_92' title='bbox 1467 1108 1527 1160; x_wconf 91' lang='lat' dir='ltr'><strong>et</strong></span> <span class='ocrx_word' id='word_1_93' title='bbox 1572 1099 1642 1160; x_wconf 90' lang='lat' dir='ltr'><strong>ad</strong></span> <span class='ocrx_word' id='word_1_94' title='bbox 1687 1117 1863 1161; x_wconf 88' lang='lat' dir='ltr'><strong>nares</strong></span> <span class='ocrx_word' id='word_1_95' title='bbox 1900 1099 2167 1179; x_wconf 85' lang='lat' dir='ltr'><strong>qualibet</strong></span> <span class='ocrx_word' id='word_1_96' title='bbox 2203 1118 2383 1160; x_wconf 89' lang='lat' dir='ltr'><strong>causa</strong></span> <span class='ocrx_word' id='word_1_97' title='bbox 2448 1090 2457 1104; x_wconf 82' lang='grc'><strong>’</strong></span> 
     </span>
     <span class='ocr_line' id='line_1_22' title="bbox 348 1188 2469 1267; baseline -0.001 -16"><span class='ocrx_word' id='word_1_98' title='bbox 348 1189 718 1251; x_wconf 87' lang='lat' dir='ltr'><strong>exulceratas</strong></span> <span class='ocrx_word' id='word_1_99' title='bbox 765 1200 824 1250; x_wconf 91' lang='lat' dir='ltr'><strong>et</strong></span> <span class='ocrx_word' id='word_1_100' title='bbox 869 1192 1129 1267; x_wconf 88' lang='lat' dir='ltr'><strong>graviter</strong></span> <span class='ocrx_word' id='word_1_101' title='bbox 1174 1188 1420 1250; x_wconf 91' lang='lat' dir='ltr'><strong>olentes.</strong></span> <span class='ocrx_word' id='word_1_102' title='bbox 1495 1191 1755 1250; x_wconf 80' lang='lat' dir='ltr'><strong>Araneas</strong></span> <span class='ocrx_word' id='word_1_103' title='bbox 1801 1191 2067 1249; x_wconf 86' lang='lat' dir='ltr'><strong>viventes</strong></span> <span class='ocrx_word' id='word_1_104' title='bbox 2111 1190 2176 1248; x_wconf 92' lang='lat' dir='ltr'><strong>in</strong></span> <span class='ocrx_word' id='word_1_105' title='bbox 2212 1196 2383 1249; x_wconf 90' lang='lat' dir='ltr'><strong>aceto</strong></span> <span class='ocrx_word' id='word_1_106' title='bbox 2414 1209 2469 1249; x_wconf 81' lang='grc' dir='ltr'><strong>ιο</strong></span> 
     </span>
     <span class='ocr_line' id='line_1_23' title="bbox 348 1277 2382 1357; baseline -0.001 -17"><span class='ocrx_word' id='word_1_107' title='bbox 348 1278 677 1340; x_wconf 90' lang='lat' dir='ltr'><strong>macerabis</strong></span> <span class='ocrx_word' id='word_1_108' title='bbox 725 1289 785 1338; x_wconf 90' lang='lat' dir='ltr'><strong>et</strong></span> <span class='ocrx_word' id='word_1_109' title='bbox 832 1281 918 1339; x_wconf 93' lang='lat' dir='ltr'><strong>sic</strong></span> <span class='ocrx_word' id='word_1_110' title='bbox 966 1288 1243 1339; x_wconf 91' lang='lat' dir='ltr'><strong>conteres</strong></span> <span class='ocrx_word' id='word_1_111' title='bbox 1288 1286 1467 1357; x_wconf 89' lang='lat' dir='ltr'><strong>atque</strong></span> <span class='ocrx_word' id='word_1_112' title='bbox 1513 1278 1651 1338; x_wconf 89' lang='lat' dir='ltr'><strong>inde</strong></span> <span class='ocrx_word' id='word_1_113' title='bbox 1698 1296 1903 1339; x_wconf 86' lang='lat' dir='ltr'><strong>aurem</strong></span> <span class='ocrx_word' id='word_1_114' title='bbox 1952 1277 2135 1357; x_wconf 90' lang='lat' dir='ltr'><strong>elues,</strong></span> <span class='ocrx_word' id='word_1_115' title='bbox 2182 1280 2382 1338; x_wconf 88' lang='lat' dir='ltr'><strong>statim</strong></span> 
     </span>
     <span class='ocr_line' id='line_1_24' title="bbox 346 1366 2383 1448; baseline -0 -21"><span class='ocrx_word' id='word_1_116' title='bbox 346 1367 632 1447; x_wconf 89' lang='lat' dir='ltr'><strong>proderit.</strong></span> <span class='ocrx_word' id='word_1_117' title='bbox 711 1366 847 1448; x_wconf 87' lang='lat' dir='ltr'><strong>Mel,</strong></span> <span class='ocrx_word' id='word_1_118' title='bbox 894 1366 1172 1446; x_wconf 84' lang='lat' dir='ltr'><strong>butyrum</strong></span> <span class='ocrx_word' id='word_1_119' title='bbox 1222 1375 1281 1427; x_wconf 89' lang='lat' dir='ltr'><strong>et</strong></span> <span class='ocrx_word' id='word_1_120' title='bbox 1328 1367 1525 1429; x_wconf 91' lang='lat' dir='ltr'><strong>oleum</strong></span> <span class='ocrx_word' id='word_1_121' title='bbox 1571 1385 1882 1428; x_wconf 88' lang='lat' dir='ltr'><strong>rosaceum</strong></span> <span class='ocrx_word' id='word_1_122' title='bbox 1929 1369 2058 1446; x_wconf 88' lang='lat' dir='ltr'><strong>pari</strong></span> <span class='ocrx_word' id='word_1_123' title='bbox 2102 1384 2383 1427; x_wconf 84' lang='lat' dir='ltr'><strong>mensura</strong></span> 
     </span>
     <span class='ocr_line' id='line_1_25' title="bbox 348 1454 2384 1535; baseline -0.001 -18"><span class='ocrx_word' id='word_1_124' title='bbox 348 1457 643 1535; x_wconf 88' lang='lat' dir='ltr'><strong>permisce</strong></span> <span class='ocrx_word' id='word_1_125' title='bbox 701 1474 770 1517; x_wconf 92' lang='lat' dir='ltr'><strong>ac</strong></span> <span class='ocrx_word' id='word_1_126' title='bbox 820 1455 1085 1535; x_wconf 89' lang='lat' dir='ltr'><strong>tepidum</strong></span> <span class='ocrx_word' id='word_1_127' title='bbox 1143 1455 1445 1517; x_wconf 87' lang='lat' dir='ltr'><strong>auriculae</strong></span> <span class='ocrx_word' id='word_1_128' title='bbox 1500 1455 1726 1516; x_wconf 90' lang='lat' dir='ltr'><strong>dolenti</strong></span> <span class='ocrx_word' id='word_1_129' title='bbox 1784 1455 2048 1516; x_wconf 82' lang='lat' dir='ltr'><strong>infunde.</strong></span> <span class='ocrx_word' id='word_1_130' title='bbox 2140 1454 2244 1515; x_wconf 93' lang='lat' dir='ltr'><strong>Fel</strong></span> <span class='ocrx_word' id='word_1_131' title='bbox 2290 1474 2384 1515; x_wconf 90' lang='lat' dir='ltr'><strong>ca-</strong></span> 
     </span>
     <span class='ocr_line' id='line_1_26' title="bbox 348 1544 2385 1625; baseline -0 -20"><span class='ocrx_word' id='word_1_132' title='bbox 348 1563 609 1625; x_wconf 89' lang='lat' dir='ltr'><strong>prunum</strong></span> <span class='ocrx_word' id='word_1_133' title='bbox 676 1553 736 1605; x_wconf 89' lang='lat' dir='ltr'><strong>et</strong></span> <span class='ocrx_word' id='word_1_134' title='bbox 800 1544 997 1606; x_wconf 93' lang='lat' dir='ltr'><strong>oleum</strong></span> <span class='ocrx_word' id='word_1_135' title='bbox 1061 1544 1494 1624; x_wconf 83' lang='lat' dir='ltr'><strong>amygdalinum</strong></span> <span class='ocrx_word' id='word_1_136' title='bbox 1560 1547 1689 1623; x_wconf 91' lang='lat' dir='ltr'><strong>pari</strong></span> <span class='ocrx_word' id='word_1_137' title='bbox 1754 1562 2033 1605; x_wconf 89' lang='lat' dir='ltr'><strong>mensura</strong></span> <span class='ocrx_word' id='word_1_138' title='bbox 2088 1545 2385 1623; x_wconf 90' lang='lat' dir='ltr'><strong>permisce</strong></span> 
     </span>
     <span class='ocr_line' id='line_1_27' title="bbox 348 1631 2458 1713; baseline -0.002 -17"><span class='ocrx_word' id='word_1_139' title='bbox 348 1634 734 1713; x_wconf 88' lang='lat' dir='ltr'><strong>tepidumque</strong></span> <span class='ocrx_word' id='word_1_140' title='bbox 790 1633 1078 1694; x_wconf 90' lang='lat' dir='ltr'><strong>laboranti</strong></span> <span class='ocrx_word' id='word_1_141' title='bbox 1136 1634 1435 1694; x_wconf 87' lang='lat' dir='ltr'><strong>auriculae</strong></span> <span class='ocrx_word' id='word_1_142' title='bbox 1487 1631 1724 1693; x_wconf 89' lang='lat' dir='ltr'><strong>instilla.</strong></span> <span class='ocrx_word' id='word_1_143' title='bbox 1815 1632 2096 1693; x_wconf 90' lang='lat' dir='ltr'><strong>Putorem</strong></span> <span class='ocrx_word' id='word_1_144' title='bbox 2145 1632 2377 1692; x_wconf 83' lang='lat' dir='ltr'><strong>sordes·</strong></span> <span class='ocrx_word' id='word_1_145' title='bbox 2409 1651 2458 1692; x_wconf 81' lang='lat'><strong>15</strong></span> 
     </span>
     <span class='ocr_line' id='line_1_28' title="bbox 349 1721 2385 1802; baseline -0.001 -18"><span class='ocrx_word' id='word_1_146' title='bbox 349 1741 467 1802; x_wconf 91' lang='lat' dir='ltr'><strong>que</strong></span> <span class='ocrx_word' id='word_1_147' title='bbox 532 1721 832 1784; x_wconf 89' lang='lat' dir='ltr'><strong>auriculae</strong></span> <span class='ocrx_word' id='word_1_148' title='bbox 897 1725 1120 1801; x_wconf 91' lang='lat' dir='ltr'><strong>optime</strong></span> <span class='ocrx_word' id='word_1_149' title='bbox 1185 1730 1358 1784; x_wconf 91' lang='lat' dir='ltr'><strong>curat</strong></span> <span class='ocrx_word' id='word_1_150' title='bbox 1412 1721 1760 1783; x_wconf 89' lang='lat' dir='ltr'><strong>cucurbitae</strong></span> <span class='ocrx_word' id='word_1_151' title='bbox 1817 1722 2026 1782; x_wconf 87' lang='lat' dir='ltr'><strong>viridis</strong></span> <span class='ocrx_word' id='word_1_152' title='bbox 2082 1740 2264 1782; x_wconf 90' lang='lat' dir='ltr'><strong>sucus</strong></span> <span class='ocrx_word' id='word_1_153' title='bbox 2323 1731 2385 1782; x_wconf 91' lang='lat' dir='ltr'><strong>et</strong></span> 
     </span>
     <span class='ocr_line' id='line_1_29' title="bbox 348 1810 2382 1892; baseline -0 -21"><span class='ocrx_word' id='word_1_154' title='bbox 348 1829 566 1892; x_wconf 90' lang='lat' dir='ltr'><strong>porrus</strong></span> <span class='ocrx_word' id='word_1_155' title='bbox 633 1813 927 1890; x_wconf 92' lang='lat' dir='ltr'><strong>capitatus</strong></span> <span class='ocrx_word' id='word_1_156' title='bbox 990 1830 1126 1872; x_wconf 91' lang='lat' dir='ltr'><strong>cum</strong></span> <span class='ocrx_word' id='word_1_157' title='bbox 1188 1810 1318 1871; x_wconf 91' lang='lat' dir='ltr'><strong>oleo</strong></span> <span class='ocrx_word' id='word_1_158' title='bbox 1375 1811 1659 1871; x_wconf 86' lang='lat' dir='ltr'><strong>decoctus</strong></span> <span class='ocrx_word' id='word_1_159' title='bbox 1714 1819 1893 1889; x_wconf 88' lang='lat' dir='ltr'><strong>atque</strong></span> <span class='ocrx_word' id='word_1_160' title='bbox 1949 1810 2200 1871; x_wconf 69' lang='lat' dir='ltr'><strong>infusus</strong></span> <span class='ocrx_word' id='word_1_161' title='bbox 2294 1810 2382 1871; x_wconf 86' lang='lat' dir='ltr'><strong>Ad</strong></span> 
     </span>
     <span class='ocr_line' id='line_1_30' title="bbox 350 1898 2384 1978; baseline -0 -18"><span class='ocrx_word' id='word_1_162' title='bbox 350 1900 650 1961; x_wconf 90' lang='lat' dir='ltr'><strong>auriculae</strong></span> <span class='ocrx_word' id='word_1_163' title='bbox 698 1899 962 1961; x_wconf 88' lang='lat' dir='ltr'><strong>dolorem</strong></span> <span class='ocrx_word' id='word_1_164' title='bbox 1009 1899 1277 1961; x_wconf 89' lang='lat' dir='ltr'><strong>hastulae</strong></span> <span class='ocrx_word' id='word_1_165' title='bbox 1322 1902 1519 1978; x_wconf 85' lang='lat' dir='ltr'><strong>regiae</strong></span> <span class='ocrx_word' id='word_1_166' title='bbox 1558 1898 1777 1960; x_wconf 90' lang='lat' dir='ltr'><strong>radicis</strong></span> <span class='ocrx_word' id='word_1_167' title='bbox 1814 1917 1996 1960; x_wconf 91' lang='lat' dir='ltr'><strong>sucus</strong></span> <span class='ocrx_word' id='word_1_168' title='bbox 2033 1917 2171 1959; x_wconf 92' lang='lat' dir='ltr'><strong>cum</strong></span> <span class='ocrx_word' id='word_1_169' title='bbox 2208 1899 2384 1959; x_wconf 89' lang='lat' dir='ltr'><strong>melle</strong></span> 
     </span>
     <span class='ocr_line' id='line_1_31' title="bbox 350 1987 2385 2067; baseline -0 -18"><span class='ocrx_word' id='word_1_170' title='bbox 350 1988 442 2049; x_wconf 90' lang='lat' dir='ltr'><strong>vel</strong></span> <span class='ocrx_word' id='word_1_171' title='bbox 498 1991 633 2049; x_wconf 88' lang='lat' dir='ltr'><strong>vino</strong></span> <span class='ocrx_word' id='word_1_172' title='bbox 691 1987 1054 2067; x_wconf 86' lang='lat' dir='ltr'><strong>infunditur,</strong></span> <span class='ocrx_word' id='word_1_173' title='bbox 1109 1988 1411 2049; x_wconf 90' lang='lat' dir='ltr'><strong>interdum</strong></span> <span class='ocrx_word' id='word_1_174' title='bbox 1467 1987 1784 2048; x_wconf 90' lang='lat' dir='ltr'><strong>admisceri</strong></span> <span class='ocrx_word' id='word_1_175' title='bbox 1839 1995 2075 2067; x_wconf 89' lang='lat' dir='ltr'><strong>oportet</strong></span> <span class='ocrx_word' id='word_1_176' title='bbox 2122 1989 2276 2048; x_wconf 90' lang='lat' dir='ltr'><strong>turis</strong></span> <span class='ocrx_word' id='word_1_177' title='bbox 2325 1998 2385 2048; x_wconf 89' lang='lat' dir='ltr'><strong>et</strong></span> 
     </span>
     <span class='ocr_line' id='line_1_32' title="bbox 350 2075 2462 2156; baseline 0 -20"><span class='ocrx_word' id='word_1_178' title='bbox 350 2095 583 2156; x_wconf 84' lang='lat' dir='ltr'><strong>myrrae</strong></span> <span class='ocrx_word' id='word_1_179' title='bbox 658 2086 887 2155; x_wconf 90' lang='lat' dir='ltr'><strong>partem</strong></span> <span class='ocrx_word' id='word_1_180' title='bbox 953 2076 1046 2136; x_wconf 90' lang='lat' dir='ltr'><strong>vel</strong></span> <span class='ocrx_word' id='word_1_181' title='bbox 1109 2078 1382 2156; x_wconf 87' lang='lat' dir='ltr'><strong>capparis</strong></span> <span class='ocrx_word' id='word_1_182' title='bbox 1446 2075 1724 2137; x_wconf 85' lang='lat' dir='ltr'><strong>foliorum</strong></span> <span class='ocrx_word' id='word_1_183' title='bbox 1790 2095 2001 2137; x_wconf 89' lang='lat' dir='ltr'><strong>sucum</strong></span> <span class='ocrx_word' id='word_1_184' title='bbox 2063 2076 2381 2137; x_wconf 81' lang='lat' dir='ltr'><strong>infundere</strong></span> <span class='ocrx_word' id='word_1_185' title='bbox 2411 2096 2462 2135; x_wconf 79' lang='lat' dir='ltr'><strong>zo</strong></span> 
     </span>
     <span class='ocr_line' id='line_1_33' title="bbox 349 2163 2386 2226; baseline 0 -1"><span class='ocrx_word' id='word_1_186' title='bbox 349 2163 445 2225; x_wconf 83' lang='lat' dir='ltr'><strong>vel</strong></span> <span class='ocrx_word' id='word_1_187' title='bbox 511 2172 681 2224; x_wconf 86' lang='lat' dir='ltr'><strong>rutae</strong></span> <span class='ocrx_word' id='word_1_188' title='bbox 746 2183 956 2225; x_wconf 86' lang='lat' dir='ltr'><strong>sucum</strong></span> <span class='ocrx_word' id='word_1_189' title='bbox 1023 2172 1124 2225; x_wconf 92' lang='lat' dir='ltr'><strong>aut</strong></span> <span class='ocrx_word' id='word_1_190' title='bbox 1191 2168 1320 2225; x_wconf 90' lang='lat' dir='ltr'><strong>eius</strong></span> <span class='ocrx_word' id='word_1_191' title='bbox 1389 2184 1593 2225; x_wconf 91' lang='lat' dir='ltr'><strong>semen</strong></span> <span class='ocrx_word' id='word_1_192' title='bbox 1659 2168 1868 2226; x_wconf 89' lang='lat' dir='ltr'><strong>tritum</strong></span> <span class='ocrx_word' id='word_1_193' title='bbox 1933 2184 2069 2226; x_wconf 91' lang='lat' dir='ltr'><strong>cum</strong></span> <span class='ocrx_word' id='word_1_194' title='bbox 2131 2183 2267 2225; x_wconf 92' lang='lat' dir='ltr'><strong>rosa</strong></span> <span class='ocrx_word' id='word_1_195' title='bbox 2325 2174 2386 2226; x_wconf 91' lang='lat' dir='ltr'><strong>et</strong></span> 
     </span>
     <span class='ocr_line' id='line_1_34' title="bbox 351 2252 2388 2333; baseline 0 -21"><span class='ocrx_word' id='word_1_196' title='bbox 351 2252 590 2313; x_wconf 87' lang='lat' dir='ltr'><strong>lentisci</strong></span> <span class='ocrx_word' id='word_1_197' title='bbox 635 2271 844 2314; x_wconf 91' lang='lat' dir='ltr'><strong>sucum</strong></span> <span class='ocrx_word' id='word_1_198' title='bbox 893 2272 1028 2314; x_wconf 89' lang='lat' dir='ltr'><strong>cum</strong></span> <span class='ocrx_word' id='word_1_199' title='bbox 1076 2272 1209 2314; x_wconf 89' lang='lat' dir='ltr'><strong>rosa</strong></span> <span class='ocrx_word' id='word_1_200' title='bbox 1257 2252 1626 2333; x_wconf 83' lang='lat' dir='ltr'><strong>amygdalino</strong></span> <span class='ocrx_word' id='word_1_201' title='bbox 1671 2257 1806 2315; x_wconf 87' lang='lat' dir='ltr'><strong>vino</strong></span> <span class='ocrx_word' id='word_1_202' title='bbox 1845 2254 2105 2314; x_wconf 85' lang='lat' dir='ltr'><strong>admixto</strong></span> <span class='ocrx_word' id='word_1_203' title='bbox 2150 2254 2388 2314; x_wconf 81' lang='lat' dir='ltr'><strong>infundi</strong></span> 
     </span>
     <span class='ocr_line' id='line_1_35' title="bbox 351 2341 2385 2423; baseline 0.001 -23"><span class='ocrx_word' id='word_1_204' title='bbox 351 2348 605 2420; x_wconf 89' lang='lat' dir='ltr'><strong>oportet.</strong></span> <span class='ocrx_word' id='word_1_205' title='bbox 699 2341 762 2402; x_wconf 88' lang='lat' dir='ltr'><strong>Si</strong></span> <span class='ocrx_word' id='word_1_206' title='bbox 817 2360 929 2420; x_wconf 92' lang='lat' dir='ltr'><strong>pus</strong></span> <span class='ocrx_word' id='word_1_207' title='bbox 976 2349 1078 2403; x_wconf 92' lang='lat' dir='ltr'><strong>aut</strong></span> <span class='ocrx_word' id='word_1_208' title='bbox 1123 2344 1319 2403; x_wconf 90' lang='lat' dir='ltr'><strong>sanies</strong></span> <span class='ocrx_word' id='word_1_209' title='bbox 1364 2342 1627 2403; x_wconf 90' lang='lat' dir='ltr'><strong>manabit</strong></span> <span class='ocrx_word' id='word_1_210' title='bbox 1674 2361 1744 2403; x_wconf 83' lang='lat' dir='ltr'><strong>ex</strong></span> <span class='ocrx_word' id='word_1_211' title='bbox 1793 2361 1962 2423; x_wconf 90' lang='lat' dir='ltr'><strong>aure,</strong></span> <span class='ocrx_word' id='word_1_212' title='bbox 2019 2343 2241 2403; x_wconf 85' lang='lat' dir='ltr'><strong>malvae</strong></span> <span class='ocrx_word' id='word_1_213' title='bbox 2289 2361 2385 2403; x_wconf 91' lang='lat' dir='ltr'><strong>su-</strong></span> 
     </span>
     <span class='ocr_line' id='line_1_36' title="bbox 352 2430 2384 2509; baseline 0 -18"><span class='ocrx_word' id='word_1_214' title='bbox 352 2448 489 2492; x_wconf 89' lang='lat' dir='ltr'><strong>cum</strong></span> <span class='ocrx_word' id='word_1_215' title='bbox 545 2432 680 2491; x_wconf 89' lang='lat' dir='ltr'><strong>vino</strong></span> <span class='ocrx_word' id='word_1_216' title='bbox 736 2430 1103 2509; x_wconf 84' lang='lat' dir='ltr'><strong>amygdalino</strong></span> <span class='ocrx_word' id='word_1_217' title='bbox 1159 2433 1477 2492; x_wconf 85' lang='lat' dir='ltr'><strong>inmixtum</strong></span> <span class='ocrx_word' id='word_1_218' title='bbox 1532 2430 1624 2491; x_wconf 90' lang='lat' dir='ltr'><strong>vel</strong></span> <span class='ocrx_word' id='word_1_219' title='bbox 1679 2449 1824 2493; x_wconf 88' lang='lat' dir='ltr'><strong>suco</strong></span> <span class='ocrx_word' id='word_1_220' title='bbox 1881 2449 2050 2491; x_wconf 91' lang='lat' dir='ltr'><strong>rosae</strong></span> <span class='ocrx_word' id='word_1_221' title='bbox 2107 2431 2200 2492; x_wconf 90' lang='lat' dir='ltr'><strong>vel</strong></span> <span class='ocrx_word' id='word_1_222' title='bbox 2254 2430 2384 2491; x_wconf 92' lang='lat' dir='ltr'><strong>oleo</strong></span> 
     </span>
     <span class='ocr_line' id='line_1_37' title="bbox 353 2519 2460 2600; baseline -0 -20"><span class='ocrx_word' id='word_1_223' title='bbox 353 2537 598 2580; x_wconf 88' lang='lat' dir='ltr'><strong>rosaceo</strong></span> <span class='ocrx_word' id='word_1_224' title='bbox 661 2519 1024 2599; x_wconf 80' lang='lat' dir='ltr'><strong>tepefactum</strong></span> <span class='ocrx_word' id='word_1_225' title='bbox 1087 2519 1365 2580; x_wconf 91' lang='lat' dir='ltr'><strong>instillari</strong></span> <span class='ocrx_word' id='word_1_226' title='bbox 1426 2528 1689 2600; x_wconf 86' lang='lat' dir='ltr'><strong>oportet,</strong></span> <span class='ocrx_word' id='word_1_227' title='bbox 1763 2522 2041 2600; x_wconf 89' lang='lat' dir='ltr'><strong>protinus</strong></span> <span class='ocrx_word' id='word_1_228' title='bbox 2106 2519 2383 2581; x_wconf 84' lang='lat' dir='ltr'><strong>effectum</strong></span> <span class='ocrx_word' id='word_1_229' title='bbox 2411 2538 2460 2579; x_wconf 77' lang='lat'><strong>25</strong></span> 
     </span>
     <span class='ocr_line' id='line_1_38' title="bbox 357 2607 2387 2669; baseline 0 -1"><span class='ocrx_word' id='word_1_230' title='bbox 357 2607 678 2668; x_wconf 88' lang='lat' dir='ltr'><strong>exhibebit.</strong></span> <span class='ocrx_word' id='word_1_231' title='bbox 770 2607 1133 2669; x_wconf 88' lang='lat' dir='ltr'><strong>Draconteae</strong></span> <span class='ocrx_word' id='word_1_232' title='bbox 1182 2626 1365 2669; x_wconf 92' lang='lat' dir='ltr'><strong>sucus</strong></span> <span class='ocrx_word' id='word_1_233' title='bbox 1411 2616 1514 2669; x_wconf 91' lang='lat' dir='ltr'><strong>aut</strong></span> <span class='ocrx_word' id='word_1_234' title='bbox 1560 2627 1763 2669; x_wconf 89' lang='lat' dir='ltr'><strong>semen</strong></span> <span class='ocrx_word' id='word_1_235' title='bbox 1810 2611 2018 2669; x_wconf 87' lang='lat' dir='ltr'><strong>tritum</strong></span> <span class='ocrx_word' id='word_1_236' title='bbox 2066 2627 2206 2669; x_wconf 88' lang='lat' dir='ltr'><strong>cum</strong></span> <span class='ocrx_word' id='word_1_237' title='bbox 2248 2626 2387 2669; x_wconf 90' lang='lat' dir='ltr'><strong>rosa</strong></span> 
     </span>
     <span class='ocr_line' id='line_1_39' title="bbox 354 2696 2385 2776; baseline 0 -20"><span class='ocrx_word' id='word_1_238' title='bbox 354 2703 459 2756; x_wconf 90' lang='lat' dir='ltr'><strong>aut</strong></span> <span class='ocrx_word' id='word_1_239' title='bbox 517 2696 885 2776; x_wconf 84' lang='lat' dir='ltr'><strong>amygdalino</strong></span> <span class='ocrx_word' id='word_1_240' title='bbox 950 2699 1085 2757; x_wconf 89' lang='lat' dir='ltr'><strong>vino</strong></span> <span class='ocrx_word' id='word_1_241' title='bbox 1144 2697 1406 2757; x_wconf 83' lang='lat' dir='ltr'><strong>infusum</strong></span> <span class='ocrx_word' id='word_1_242' title='bbox 1461 2696 1812 2776; x_wconf 86' lang='lat' dir='ltr'><strong>purulentae</strong></span> <span class='ocrx_word' id='word_1_243' title='bbox 1868 2697 2168 2758; x_wconf 90' lang='lat' dir='ltr'><strong>auriculae</strong></span> <span class='ocrx_word' id='word_1_244' title='bbox 2233 2700 2385 2757; x_wconf 90' lang='lat' dir='ltr'><strong>sani-</strong></span> 
     </span>
     <span class='ocr_line' id='line_1_40' title="bbox 355 2785 2386 2864; baseline 0.001 -20"><span class='ocrx_word' id='word_1_245' title='bbox 355 2791 536 2844; x_wconf 83' lang='lat' dir='ltr'><strong>tatem</strong></span> <span class='ocrx_word' id='word_1_246' title='bbox 596 2787 1005 2845; x_wconf 89' lang='lat' dir='ltr'><strong>maturrimam</strong></span> <span class='ocrx_word' id='word_1_247' title='bbox 1069 2793 1347 2864; x_wconf 90' lang='lat' dir='ltr'><strong>praestat.</strong></span> <span class='ocrx_word' id='word_1_248' title='bbox 1439 2785 1693 2846; x_wconf 89' lang='lat' dir='ltr'><strong>Crocum</strong></span> <span class='ocrx_word' id='word_1_249' title='bbox 1757 2788 1967 2847; x_wconf 90' lang='lat' dir='ltr'><strong>tritum</strong></span> <span class='ocrx_word' id='word_1_250' title='bbox 2032 2804 2167 2847; x_wconf 90' lang='lat' dir='ltr'><strong>cum</strong></span> <span class='ocrx_word' id='word_1_251' title='bbox 2234 2785 2386 2846; x_wconf 90' lang='lat' dir='ltr'><strong>lacte</strong></span> 
     </span>
     <span class='ocr_line' id='line_1_41' title="bbox 353 2872 2386 2955; baseline 0 -22"><span class='ocrx_word' id='word_1_252' title='bbox 353 2872 631 2935; x_wconf 87' lang='lat' dir='ltr'><strong>muliebri</strong></span> <span class='ocrx_word' id='word_1_253' title='bbox 694 2874 748 2934; x_wconf 93' lang='lat' dir='ltr'><strong>si</strong></span> <span class='ocrx_word' id='word_1_254' title='bbox 804 2873 1154 2955; x_wconf 86' lang='lat' dir='ltr'><strong>instilletur,</strong></span> <span class='ocrx_word' id='word_1_255' title='bbox 1216 2877 1440 2934; x_wconf 87' lang='lat' dir='ltr'><strong>tumori</strong></span> <span class='ocrx_word' id='word_1_256' title='bbox 1503 2877 1667 2935; x_wconf 87' lang='lat' dir='ltr'><strong>auris</strong></span> <span class='ocrx_word' id='word_1_257' title='bbox 1730 2875 2055 2954; x_wconf 88' lang='lat' dir='ltr'><strong>plurimum</strong></span> <span class='ocrx_word' id='word_1_258' title='bbox 2122 2874 2386 2954; x_wconf 85' lang='lat' dir='ltr'><strong>prodest.</strong></span> 
     </span>
     <span class='ocr_line' id='line_1_42' title="bbox 354 2960 2465 3040; baseline 0 -19"><span class='ocrx_word' id='word_1_259' title='bbox 354 2960 660 3040; x_wconf 83' lang='lat' dir='ltr'><strong>Hysopum</strong></span> <span class='ocrx_word' id='word_1_260' title='bbox 716 2972 1032 3023; x_wconf 86' lang='lat' dir='ltr'><strong>contusum</strong></span> <span class='ocrx_word' id='word_1_261' title='bbox 1088 2970 1150 3023; x_wconf 92' lang='lat' dir='ltr'><strong>et</strong></span> <span class='ocrx_word' id='word_1_262' title='bbox 1204 2962 1529 3024; x_wconf 89' lang='lat' dir='ltr'><strong>cribratum</strong></span> <span class='ocrx_word' id='word_1_263' title='bbox 1587 2982 1724 3024; x_wconf 92' lang='lat' dir='ltr'><strong>cum</strong></span> <span class='ocrx_word' id='word_1_264' title='bbox 1779 2971 1946 3025; x_wconf 91' lang='lat' dir='ltr'><strong>aceto</strong></span> <span class='ocrx_word' id='word_1_265' title='bbox 2004 2973 2064 3023; x_wconf 90' lang='lat' dir='ltr'><strong>et</strong></span> <span class='ocrx_word' id='word_1_266' title='bbox 2119 2965 2278 3024; x_wconf 87' lang='lat' dir='ltr'><strong>nitro</strong></span> <span class='ocrx_word' id='word_1_267' title='bbox 2325 2970 2386 3023; x_wconf 89' lang='lat' dir='ltr'><strong>et</strong></span> <span class='ocrx_word' id='word_1_268' title='bbox 2413 2981 2465 3022; x_wconf 72' lang='lat' dir='ltr'><strong>so</strong></span> 
     </span>
     <span class='ocr_line' id='line_1_43' title="bbox 353 3048 2383 3131; baseline 0.001 -21"><span class='ocrx_word' id='word_1_269' title='bbox 353 3048 525 3110; x_wconf 88' lang='lat' dir='ltr'><strong>melle</strong></span> <span class='ocrx_word' id='word_1_270' title='bbox 580 3051 846 3112; x_wconf 87' lang='lat' dir='ltr'><strong>infusum</strong></span> <span class='ocrx_word' id='word_1_271' title='bbox 900 3050 1054 3111; x_wconf 89' lang='lat' dir='ltr'><strong>bene</strong></span> <span class='ocrx_word' id='word_1_272' title='bbox 1122 3052 1261 3112; x_wconf 85' lang='lat' dir='ltr'><strong>facit</strong></span> <span class='ocrx_word' id='word_1_273' title='bbox 1327 3051 1399 3112; x_wconf 90' lang='lat' dir='ltr'><strong>ad</strong></span> <span class='ocrx_word' id='word_1_274' title='bbox 1458 3053 1707 3112; x_wconf 90' lang='lat' dir='ltr'><strong>tinnitus</strong></span> <span class='ocrx_word' id='word_1_275' title='bbox 1761 3054 1992 3112; x_wconf 89' lang='lat' dir='ltr'><strong>aurium</strong></span> <span class='ocrx_word' id='word_1_276' title='bbox 2051 3062 2229 3131; x_wconf 88' lang='lat' dir='ltr'><strong>atque</strong></span> <span class='ocrx_word' id='word_1_277' title='bbox 2295 3054 2383 3112; x_wconf 90' lang='lat' dir='ltr'><strong>in·</strong></span> 
     </span>
     <span class='ocr_line' id='line_1_44' title="bbox 352 3138 2386 3219; baseline 0.001 -22"><span class='ocrx_word' id='word_1_278' title='bbox 352 3138 650 3218; x_wconf 83' lang='lat' dir='ltr'><strong>flationeS,</strong></span> <span class='ocrx_word' id='word_1_279' title='bbox 702 3140 806 3200; x_wconf 93' lang='lat' dir='ltr'><strong>sed</strong></span> <span class='ocrx_word' id='word_1_280' title='bbox 852 3140 1067 3200; x_wconf 91' lang='lat' dir='ltr'><strong>melius</strong></span> <span class='ocrx_word' id='word_1_281' title='bbox 1113 3142 1163 3199; x_wconf 91' lang='lat' dir='ltr'><strong>si</strong></span> <span class='ocrx_word' id='word_1_282' title='bbox 1211 3142 1522 3219; x_wconf 83' lang='lat' dir='ltr'><strong>cyprinum</strong></span> <span class='ocrx_word' id='word_1_283' title='bbox 1570 3140 1764 3202; x_wconf 90' lang='lat' dir='ltr'><strong>oleum</strong></span> <span class='ocrx_word' id='word_1_284' title='bbox 1811 3140 2138 3202; x_wconf 89' lang='lat' dir='ltr'><strong>admixtum</strong></span> <span class='ocrx_word' id='word_1_285' title='bbox 2185 3141 2386 3200; x_wconf 82' lang='lat' dir='ltr'><strong>fuerit.</strong></span> 
     </span>
     <span class='ocr_line' id='line_1_45' title="bbox 352 3226 2389 3308; baseline 0.002 -22"><span class='ocrx_word' id='word_1_286' title='bbox 352 3226 439 3286; x_wconf 87' lang='lat' dir='ltr'><strong>Ad</strong></span> <span class='ocrx_word' id='word_1_287' title='bbox 490 3234 756 3288; x_wconf 90' lang='lat' dir='ltr'><strong>tumores</strong></span> <span class='ocrx_word' id='word_1_288' title='bbox 802 3236 864 3289; x_wconf 88' lang='lat' dir='ltr'><strong>et</strong></span> <span class='ocrx_word' id='word_1_289' title='bbox 907 3230 977 3289; x_wconf 90' lang='lat' dir='ltr'><strong>ad</strong></span> <span class='ocrx_word' id='word_1_290' title='bbox 1027 3227 1263 3289; x_wconf 89' lang='lat' dir='ltr'><strong>dolores</strong></span> <span class='ocrx_word' id='word_1_291' title='bbox 1309 3230 1469 3289; x_wconf 90' lang='lat' dir='ltr'><strong>auris</strong></span> <span class='ocrx_word' id='word_1_292' title='bbox 1515 3229 1761 3308; x_wconf 86' lang='lat' dir='ltr'><strong>prodest.</strong></span> <span class='ocrx_word' id='word_1_293' title='bbox 1805 3231 1969 3290; x_wconf 91' lang='lat' dir='ltr'><strong>croci</strong></span> <span class='ocrx_word' id='word_1_294' title='bbox 2013 3236 2074 3289; x_wconf 89' lang='lat' dir='ltr'><strong>et</strong></span> <span class='ocrx_word' id='word_1_295' title='bbox 2119 3231 2239 3308; x_wconf 90' lang='lat' dir='ltr'><strong>opii</strong></span> <span class='ocrx_word' id='word_1_296' title='bbox 2278 3247 2389 3308; x_wconf 89' lang='lat' dir='ltr'><strong>par</strong></span> 
     </span>
     <span class='ocr_line' id='line_1_46' title="bbox 353 3316 2386 3397; baseline 0.001 -21"><span class='ocrx_word' id='word_1_297' title='bbox 353 3316 589 3394; x_wconf 91' lang='lat' dir='ltr'><strong>pondus</strong></span> <span class='ocrx_word' id='word_1_298' title='bbox 635 3335 708 3377; x_wconf 85' lang='lat' dir='ltr'><strong>ex</strong></span> <span class='ocrx_word' id='word_1_299' title='bbox 754 3335 904 3396; x_wconf 89' lang='lat' dir='ltr'><strong>aqua</strong></span> <span class='ocrx_word' id='word_1_300' title='bbox 951 3320 1160 3378; x_wconf 88' lang='lat' dir='ltr'><strong>tritum</strong></span> <span class='ocrx_word' id='word_1_301' title='bbox 1209 3328 1312 3377; x_wconf 90' lang='lat' dir='ltr'><strong>aut</strong></span> <span class='ocrx_word' id='word_1_302' title='bbox 1357 3336 1429 3377; x_wconf 83' lang='lat' dir='ltr'><strong>ex</strong></span> <span class='ocrx_word' id='word_1_303' title='bbox 1477 3320 1613 3378; x_wconf 86' lang='lat' dir='ltr'><strong>vino</strong></span> <span class='ocrx_word' id='word_1_304' title='bbox 1660 3320 1825 3378; x_wconf 88' lang='lat' dir='ltr'><strong>tenui</strong></span> <span class='ocrx_word' id='word_1_305' title='bbox 1872 3317 2154 3378; x_wconf 85' lang='lat' dir='ltr'><strong>infusum.</strong></span> <span class='ocrx_word' id='word_1_306' title='bbox 2229 3317 2386 3397; x_wconf 88' lang='lat' dir='ltr'><strong>Opo-</strong></span> 
     </span>
    </p>
   </div>
   <div class='ocr_carea' id='block_1_12' title="bbox 350 3426 2388 3666">
    <p class='ocr_par' dir='ltr' id='par_1_12' title="bbox 350 3426 2388 3666">
     <span class='ocr_line' id='line_1_47' title="bbox 497 3426 2386 3522; baseline 0.002 -18"><span class='ocrx_word' id='word_1_307' title='bbox 497 3456 528 3504; x_wconf 84' lang='lat'>2</span> <span class='ocrx_word' id='word_1_308' title='bbox 566 3450 748 3507; x_wconf 79' lang='lat' dir='ltr'><strong>rabiei</strong></span> <span class='ocrx_word' id='word_1_309' title='bbox 786 3452 1086 3507; x_wconf 74' lang='lat' dir='ltr'><strong>senobiais.</strong></span> <span class='ocrx_word' id='word_1_310' title='bbox 1196 3458 1228 3507; x_wconf 81' lang='lat'>5</span> <span class='ocrx_word' id='word_1_311' title='bbox 1265 3454 1513 3522; x_wconf 76' lang='lat' dir='ltr'><strong>pastelli.</strong></span> <span class='ocrx_word' id='word_1_312' title='bbox 1623 3458 1656 3507; x_wconf 88' lang='lat' dir='ltr'><strong>s</strong></span> <span class='ocrx_word' id='word_1_313' title='bbox 1694 3452 1921 3522; x_wconf 76' lang='lat' dir='ltr'><strong>oportit.</strong></span> <span class='ocrx_word' id='word_1_314' title='bbox 2027 3458 2059 3506; x_wconf 83' lang='lat'>9</span> <span class='ocrx_word' id='word_1_315' title='bbox 2088 3426 2386 3508; x_wconf 69' lang='lat' dir='ltr'><strong>i‘nferatur.</strong></span> 
     </span>
     <span class='ocr_line' id='line_1_48' title="bbox 356 3523 2388 3593; baseline 0.001 -18"><span class='ocrx_word' id='word_1_316' title='bbox 356 3528 421 3576; x_wconf 78' lang='lat'><strong>12</strong></span> <span class='ocrx_word' id='word_1_317' title='bbox 460 3537 750 3577; x_wconf 87' lang='lat' dir='ltr'><strong>rosaceum</strong></span> <span class='ocrx_word' id='word_1_318' title='bbox 787 3528 887 3578; x_wconf 89' lang='lat' dir='ltr'><strong>1m</strong></span> <span class='ocrx_word' id='word_1_319' title='bbox 922 3523 1199 3578; x_wconf 84' lang='lat' dir='ltr'><strong>rosaeium</strong></span> <span class='ocrx_word' id='word_1_320' title='bbox 1237 3530 1363 3579; x_wconf 76' lang='lat' dir='ltr'><strong>2m.</strong></span> <span class='ocrx_word' id='word_1_321' title='bbox 1521 3529 1586 3578; x_wconf 84' lang='lat'><strong>13</strong></span> <span class='ocrx_word' id='word_1_322' title='bbox 1626 3539 1931 3593; x_wconf 73' lang='lat' dir='ltr'><strong>caprimum</strong></span> <span class='ocrx_word' id='word_1_323' title='bbox 1970 3529 2068 3579; x_wconf 87' lang='lat' dir='ltr'><strong>1m</strong></span> <span class='ocrx_word' id='word_1_324' title='bbox 2103 3540 2388 3592; x_wconf 78' lang='lat' dir='ltr'><strong>aprunum</strong></span> 
     </span>
     <span class='ocr_line' id='line_1_49' title="bbox 350 3593 2388 3666; baseline 0.002 -19"><span class='ocrx_word' id='word_1_325' title='bbox 350 3597 472 3648; x_wconf 83' lang='lat' dir='ltr'><strong>2m.</strong></span> <span class='ocrx_word' id='word_1_326' title='bbox 586 3600 650 3648; x_wconf 82' lang='lat'><strong>17</strong></span> <span class='ocrx_word' id='word_1_327' title='bbox 693 3595 873 3651; x_wconf 77' lang='lat' dir='ltr'><strong>astlae</strong></span> <span class='ocrx_word' id='word_1_328' title='bbox 908 3593 1088 3665; x_wconf 80' lang='lat' dir='ltr'><strong>rigiae</strong></span> <span class='ocrx_word' id='word_1_329' title='bbox 1125 3594 1359 3650; x_wconf 79' lang='lat' dir='ltr'><strong>radices.</strong></span> <span class='ocrx_word' id='word_1_330' title='bbox 1468 3599 1540 3650; x_wconf 80' lang='lat'><strong>34</strong></span> <span class='ocrx_word' id='word_1_331' title='bbox 1573 3594 1817 3649; x_wconf 85' lang='lat' dir='ltr'><strong>infusum</strong></span> <span class='ocrx_word' id='word_1_332' title='bbox 1854 3594 2088 3665; x_wconf 74' lang='lat' dir='ltr'><strong>prodest</strong></span> <span class='ocrx_word' id='word_1_333' title='bbox 2121 3597 2388 3666; x_wconf 77' lang='lat' dir='ltr'><strong>(repetit).</strong></span> 
     </span>
    </p>
   </div>
   <div class='ocr_carea' id='block_1_13' title="bbox 2552 2851 2556 2972">
    <p class='ocr_par' dir='ltr' id='par_1_13' title="bbox 2552 2811 2556 2972">
     <span class='ocr_line' id='line_1_50' title="bbox 2552 2851 2556 2972; baseline 0 0"><span class='ocrx_word' id='word_1_334' title='bbox 2552 2851 2556 2972; x_wconf 62' lang='grc' dir='ltr'><strong>ι</strong></span> 
     </span>
    </p>
   </div>
  </div>
 </body>
</html>
