2575 4092
1111 229 1551 296 ...32-

324 414 432 475 per
496 395 750 456 mediam
815 395 1070 455 frontem
1135 404 1196 455 et
1263 403 1517 474 utraque
1581 402 1850 473 tempora
1918 395 2353 477 circumdetur3

324 483 476 545 bene
523 485 664 545 facit
711 492 770 545 et
816 485 1147 546 fomentum
1190 502 1302 563 per
1343 486 1619 562 spongias
1656 483 1865 544 molles
1903 501 2090 563 aquae
2129 485 2352 546 calidae

325 572 587 635 decoctis
633 575 696 634 in
743 592 811 633 ea
857 574 1026 652 prius
1072 571 1226 634 lauri
1271 572 1429 633 foliis
1474 581 1534 633 et
1570 572 1868 651 capitibus
1903 577 2214 653 papaveris
2253 574 2354 635 ad-

324 661 582 723 hibitum
637 671 696 723 et
753 664 956 723 unctio
1013 664 1195 743 capiti
1250 661 1402 722 sacta
1458 680 1529 721 ex
1587 661 1742 722 foliis
1801 661 1954 722 lauri
1999 670 2060 723 et
2108 665 2243 743 agni
2291 672 2352 724 et

216 749 284 797 32
321 750 527 830 populi
563 752 722 812 tritis
760 769 898 812 cum
934 759 1102 812 aceto
1150 758 1210 812 et
1255 750 1403 811 oleo.
1475 750 1564 811 Ad
1606 750 1825 831 ulcera,
1865 769 2015 830 quae
2053 754 2117 812 in
2156 754 2349 830 capite
2378 770 2407 811 5

323 840 717 901 effervescunt
772 858 910 900 cum
966 842 1192 900 umoris
1238 842 1609 921 manatione,
1666 839 1912 919 prodest
1958 859 2109 919 aqua
2161 839 2352 903 calida

322 928 414 989 bis
461 937 625 990 terve
673 929 769 989 die
815 947 924 1008 per
971 931 1278 1008 spongiam
1318 930 1555 1007 saepius
1593 946 1777 1008 super
1811 928 2013 990 ulcera
2049 948 2349 1010 expressa,

213 1031 283 1081 33
323 1018 482 1097 quod
507 1017 718 1079 Graeci
746 1017 1096 1079 catantlesin
1124 1017 1438 1097 appellant.
1492 1017 1925 1078 Perunctiones
1954 1027 2170 1099 autem,
2201 1037 2349 1099 quas

322 1105 535 1167 Graeci
571 1106 1000 1186 synchrismata
1038 1115 1267 1187 vocant,
1316 1115 1376 1167 et
1412 1125 1498 1187 ea,
1537 1125 1687 1186 quae
1732 1110 2108 1186 superposita
2146 1107 2347 1169 dolen-

320 1194 482 1255 tibus
528 1198 799 1275 partibus
845 1195 1001 1256 idem
1051 1195 1466 1274 cataplasmata
1512 1195 1826 1276 appellant,
1874 1196 2165 1257 eiusmodi
2210 1214 2347 1275 pro·
2379 1213 2435 1254 10

322 1292 487 1346 sunt:
534 1283 696 1344 Folia
741 1283 937 1345 salicis
985 1302 1057 1345 ex
1104 1302 1253 1363 aqua
1293 1286 1435 1344 trita
1472 1291 1576 1344 aut
1611 1286 1748 1346 vitis
1788 1284 1952 1345 albae
1989 1285 2156 1346 radix
2196 1304 2349 1366 aqua

320 1391 470 1452 pura
508 1384 676 1434 cocta
714 1382 815 1434 aut
851 1372 1131 1434 lenticula
1171 1391 1244 1433 ex
1281 1391 1432 1452 aqua
1470 1381 1638 1434 cocta
1677 1380 1780 1434 aut
1816 1376 2087 1454 asparagi
2113 1374 2347 1435 radices

215 1467 284 1517 34
322 1480 391 1521 ex
429 1461 603 1522 melle
641 1468 861 1523 coctae.
941 1461 1030 1522 Ad
1079 1463 1291 1542 capitis
1339 1461 1603 1522 dolorem
1650 1462 1789 1523 folia
1835 1462 1988 1524 lauri
2033 1463 2126 1523 vel
2172 1462 2347 1524 bacas

318 1550 412 1610 vel
457 1550 664 1612 florem
711 1558 909 1611 terere
957 1558 1194 1630 oportet
1239 1569 1377 1612 cum
1424 1558 1590 1611 aceto
1638 1561 1698 1611 et
1733 1553 1954 1612 irinum
1994 1552 2188 1613 oleum
2225 1552 2347 1614 illic

319 1638 649 1701 admiscere
705 1648 883 1720 atque
939 1642 1020 1700 ita
1068 1648 1246 1719 caput
1294 1658 1589 1719 naresque
1634 1656 1986 1719 perungere.
2074 1641 2241 1703 Facit
2286 1650 2350 1702 et
2378 1659 2436 1699 15

318 1727 487 1789 iridis
543 1729 709 1790 radix
758 1748 894 1790 cum
941 1729 1094 1789 malo
1142 1729 1407 1808 cydoneo
1455 1735 1626 1789 cocto
1674 1747 1745 1789 ex
1793 1748 1940 1808 aqua
1986 1733 2212 1809 pariter
2257 1734 2345 1791 in-

212 1821 283 1872 35
319 1820 529 1897 posita.
637 1818 724 1878 Ad
783 1836 1020 1878 omnem
1076 1821 1286 1897 capitis
1346 1817 1610 1878 dolorem
1665 1820 1823 1878 inter
1878 1820 2047 1880 initia
2092 1827 2347 1898 prosunt

319 1924 505 1986 aquae
561 1907 983 1985 refrigerantes
1039 1915 1101 1967 et
1154 1906 1455 1985 repellunt
1510 1925 1672 1987 eum,
1727 1907 2029 1968 interdum
2085 1908 2346 1969 admixto

317 2012 471 2073 pane
534 1994 628 2055 vel
692 1995 965 2074 polentae
1029 1994 1248 2074 polline
1314 2013 1636 2075 consparso
1702 2003 1887 2056 aceto.
1978 1996 2346 2076 Plantaginis

319 2101 555 2163 quoque
604 2102 785 2143 sucus
833 2091 894 2143 et
940 2082 1077 2144 rubi
1123 2092 1225 2144 aut
1270 2083 1506 2144 lentisci
1543 2093 1647 2145 aut
1682 2084 1945 2145 milefolii
1984 2093 2086 2146 aut
2122 2085 2344 2147 herbae
2374 2103 2432 2144 3ο

314 2172 643 2232 urceolaris
689 2179 792 2232 aut
837 2171 984 2232 rhus
1033 2171 1261 2251 Syriaci
1307 2182 1409 2233 aut
1456 2176 1697 2254 maciae‚
1745 2192 1919 2253 quam
1959 2174 2172 2235 Graeci
2208 2193 2344 2236 ana·

317 2259 526 2338 gallida
592 2259 915 2340 appellant,
977 2264 1120 2321 item
1186 2269 1420 2322 mentae
1487 2280 1669 2322 sucus
1725 2262 1817 2323 vel
1870 2262 2196 2325 intiborum
2251 2263 2346 2324 vel

314 2351 493 2428 myrti
530 2348 623 2410 vel
661 2349 966 2430 staphidos
1003 2351 1201 2428 agriae
1237 2350 1472 2411 infusus
1512 2352 1692 2429 capiti
1728 2351 2050 2430 plurimum
2080 2352 2344 2431 prodest.

206 2441 276 2492 36
313 2436 402 2498 Ad
459 2437 721 2500 diutinos
778 2441 989 2518 capitis
1037 2438 1271 2500 dolores
1318 2439 1564 2518 prodest
1608 2440 1874 2501 infusum
1921 2443 2101 2520 capiti
2147 2441 2347 2502 oleum

314 2535 483 2588 vetus
530 2530 842 2608 cyprinum
889 2528 983 2589 vel
1026 2529 1249 2588 irinum
1298 2547 1434 2588 cum
1481 2528 1843 2610 peucedano,
1892 2529 2243 2611 sphondylio
2283 2538 2346 2592 et
2373 2557 2433 2598 25

314 2624 599 2677 castoreo.
675 2616 887 2697 Inponi
925 2623 1121 2679 autem
1161 2618 1362 2677 statim
1398 2624 1636 2695 oportet
1672 2617 1780 2678 lini
1817 2621 2062 2680 seminis
2090 2620 2342 2680 farinam

313 2714 372 2773 et
416 2705 778 2766 hordiaciam
824 2709 886 2766 in
933 2724 1118 2766 unum
1158 2712 1389 2766 coctam
1427 2724 1499 2766 ex
1536 2725 1740 2789 posca3
1780 2706 1883 2767 sed
1920 2716 2127 2787 postea
2164 2708 2341 2787 prod-

313 2801 403 2855 est
448 2795 774 2873 inpositum
821 2802 1091 2855 cerotum
1146 2812 1218 2854 ex
1263 2797 1509 2874 cyprino
1557 2795 1685 2855 oleo
1732 2796 1955 2857 factum
2002 2815 2142 2858 cum
2185 2805 2339 2859 ruta.

310 2881 458 2942 Item
514 2881 665 2943 bene
713 2883 854 2943 facit
899 2891 1169 2944 cerotum
1217 2901 1288 2944 ex
1334 2885 1489 2944 irino
1537 2890 1637 2944 aut
1687 2884 1976 2965 Syriatico
2024 2886 2152 2947 oleo
2200 2905 2342 2948 cum

311 2969 544 3052 butyro,
586 2971 905 3033 dummodo
944 2972 1223 3033 calefacto
1260 2972 1651 3034 medicamine
1689 2983 1866 3054 caput
1907 2983 2338 3055 perunguatur.
2366 3002 2427 3042 so

312 3058 701 3138 Opobalsamo
732 3068 931 3122 autem
959 3079 1096 3122 cum
1127 3061 1387 3141 serpullo
1417 3071 1477 3123 et
1504 3080 1639 3122 rosa
1667 3062 1759 3122 vel
1786 3063 2131 3142 peucedano
2158 3064 2338 3144 prod·

204 3151 271 3200 37
311 3157 403 3209 est
440 3150 618 3210 etiam
655 3149 1012 3228 lethargicos
1049 3152 1319 3229 perungi.
1392 3150 1480 3211 Ad
1529 3169 1765 3211 omnem
1812 3153 2023 3232 capitis
2071 3153 2340 3215 dolorem

456 3324 485 3372 1
543 3336 643 3389 per
680 3336 910 3376 erasum.
985 3319 1295 3375 circumdet
1330 3322 1502 3376 erasis
1535 3340 1603 3375 ur
1638 3323 1847 3378 litteris.
1924 3329 1955 3377 2
1995 3339 2097 3393 per
2122 3322 2339 3381 fomen-

309 3391 447 3446 tum.
548 3408 698 3458 aqna.
734 3391 915 3446 calide
951 3396 1050 3446 lm
1086 3407 1136 3447 3..
1176 3390 1362 3447 calida
1397 3395 1515 3448 2m.
1617 3399 1652 3447 4
1686 3393 1878 3464 hagni.
1981 3402 2011 3449 6
2049 3394 2340 3452 hecferve-

308 3463 485 3518 scunt.
562 3467 591 3516 ’1
632 3460 985 3532 sphongiam.
1061 3466 1093 3517 8
1123 3463 1515 3518 cantantiasin.
1594 3470 1657 3518 12
1688 3481 1828 3534 puro
1857 3466 2018 3520 cocto
2092 3467 2337 3536 asparai.

311 3536 377 3586 19
416 3549 730 3604 consparsa.
803 3538 871 3588 21
911 3532 1170 3602 siriachy.
1243 3534 1473 3590 meciae.
1547 3541 1614 3590 23
1653 3536 1845 3606 myrti]
1876 3537 2068 3592 musci.
2145 3545 2213 3594 27
2246 3557 2340 3630 or—

309 3602 556 3660 diatiam.
634 3606 937 3661 excoctam
1012 3610 1079 3660 29
1118 3605 1411 3673 syriacinO.
1488 3612 1556 3662 30
1595 3624 1700 3662 con
1736 3607 1952 3664 butero.

2563 2614 2569 2883 Ψ
