2575 4092
1111 218 1549 282 „50-

250 396 281 445 7
320 385 453 444 tuit.
548 381 794 443 Stercus
859 382 1162 442 murinum
1223 399 1361 442 cum
1421 389 1588 441 aceto
1654 381 1864 441 tritum
1925 380 2000 441 ad
2054 379 2354 459 alopecias

250 486 283 535 8
324 478 533 533 unctas
590 472 779 531 forma
845 472 1045 550 priore
1112 468 1463 530 mirabiliter
1527 471 1725 530 crines
1791 469 2140 530 commodat.
2231 468 2354 529 Lac

321 563 629 640 caprinum
687 563 1014 640 incoctum,
1078 558 1184 620 sed
1247 576 1371 620 non
1435 556 1828 619 adulteratum
1897 565 2000 619 aut
2060 560 2353 639 vitiatum,

249 664 280 713 9
320 656 483 710 recte
531 648 810 728 alopeciis
855 649 1198 710 infricatur:
1256 649 1474 708 mirum
1533 654 1640 708 est.
1722 646 1945 708 Vitium
1992 648 2231 728 capitis,
2287 648 2351 706 in

323 756 441 818 quo
497 746 638 799 sunt
694 737 1018 816 alopeciae,
1074 738 1243 816 prius
1299 736 1554 817 raditur3
1619 744 1756 816 post
1808 735 1931 796 illic
1985 754 2128 814 cepa
2185 754 2350 796 acer·
2378 755 2404 794 ε

321 829 470 889 rima
517 826 893 908 perfricatur,
940 825 1154 887 deinde
1200 825 1493 886 hordeum
1530 824 1909 886 combustum
1945 832 2006 884 et
2042 826 2103 885 in
2152 824 2352 903 pulve-

322 934 450 977 rem
506 916 814 977 redactum
871 932 1010 976 cum
1058 916 1261 975 ursina
1310 914 1481 993 adipe
1528 915 1888 993 permixtum
1937 914 2350 993 superinponi-

220 1018 286 1067 10
325 1013 441 1067 tur.
525 1004 785 1065 Herbam
837 1002 1046 1065 cardui
1104 1004 1358 1083 agrestis
1412 1005 1474 1064 in
1523 1004 1808 1063 mortario
1852 1020 2044 1081 nsque
2090 1002 2163 1062 ad
2210 1001 2351 1062 levi-

323 1102 505 1155 tatem
560 1095 739 1154 terito
796 1111 1059 1171 sucoque
1116 1094 1245 1153 eius
1293 1109 1577 1170 expresso
1624 1090 1824 1153 locum
1869 1091 2165 1170 alopeciae
2222 1088 2350 1149 VIII

324 1181 535 1244 diebus
601 1181 876 1263 oblinito,
941 1181 1045 1241 sed
1110 1180 1205 1242 bis
1268 1199 1378 1260 per
1442 1180 1569 1241 dies
1634 1180 1901 1259 singulos
1960 1181 2350 1259 perunctione
2377 1197 2431 1238 ιο

224 1284 286 1332 11
328 1279 624 1332 renovata.
709 1269 857 1330 Cum
906 1271 1110 1349 sinape
1158 1272 1527 1331 nasturcium
1574 1272 1783 1330 tritum
1830 1269 2111 1349 alopeciis
2156 1267 2351 1329 inlini-

222 1374 288 1421 12
329 1371 456 1421 tum
501 1360 823 1420 efficaciter
868 1358 1129 1439 prodest.
1203 1358 1476 1437 Cydonea
1522 1357 1672 1419 mala
1718 1358 1981 1419 discocta
2024 1375 2158 1419 cum
2196 1359 2351 1437 vino,

323 1448 539 1510 dehinc
587 1450 725 1509 trita
774 1465 1066 1528 ceraeque
1113 1446 1468 1527 liquefactae
1514 1446 1711 1508 addita
1763 1454 1824 1508 et
1868 1449 2050 1525 capiti
2095 1448 2352 1525 inposita

218 1552 283 1600 13
322 1537 600 1617 capillum
644 1539 938 1598 nutriunt.
1011 1536 1403 1617 opobalsamo
1451 1554 1665 1616 operae
1712 1538 1975 1615 pretium
2021 1543 2112 1596 est
2159 1535 2350 1613 alope-

220 1640 288 1689 14
326 1629 449 1689 cias
496 1644 739 1707 ungere,
785 1634 854 1687 ut
890 1628 1009 1687 cito
1049 1625 1246 1706 capilli
1281 1634 1619 1687 nascantur.
1685 1624 1841 1686 Nitri
1878 1623 2050 1685 rubri
2098 1617 2177 1711 ,9-
2205 1622 2353 1703 VIII,
2382 1641 2435 1683 15

323 1717 578 1796 pumicis
618 1708 697 1802 ,9-
736 1714 807 1794 Π,
855 1714 994 1776 salis
1040 1716 1394 1776 ammoniaci
1442 1706 1520 1800 ‚9³
1560 1713 1688 1775 VIII
1732 1722 1893 1775 teres
1930 1713 2248 1792 diligenter
2293 1719 2353 1773 et

323 1812 529 1884 postea
593 1803 873 1865 miscebis
938 1805 1226 1884 priusque
1284 1812 1464 1882 caput
1518 1802 1785 1883 alcyonio
1849 1811 1911 1863 et
1982 1805 2142 1863 nitro
2214 1819 2351 1862 con·

323 1896 506 1954 mixto
576 1891 954 1973 perfricabis,
1018 1910 1155 1953 mox
1222 1892 1590 1953 medicamen
1656 1895 1945 1971 inpones:
2012 1910 2129 1971 quo
2195 1891 2354 1952 facto

221 1997 282 2046 15
326 1982 522 2062 capilli
568 1989 906 2043 nascentur.
984 1979 1251 2059 Magnam
1300 1980 1641 2053 foeditatem
1686 1982 1867 2061 capiti
1914 1980 2191 2041 adferunt
2236 1979 2353 2040 alo-

322 2073 544 2152 peciae,
593 2088 744 2150 quae
792 2072 880 2131 sic
927 2070 1347 2131 emendantur:
1392 2069 1480 2130 Ex
1518 2070 1671 2151 pelle
1710 2072 2050 2150 viperarum
2087 2071 2353 2130 cinerem
2381 2087 2436 2127 so

325 2160 504 2220 facies
559 2166 737 2237 atque
795 2157 1040 2219 adsidue
1087 2158 1207 2219 illic
1256 2177 1566 2241 aspergeS,
1623 2159 1966 2220 emendabis
2012 2161 2141 2219 sine
2189 2175 2352 2219 mora

219 2263 284 2311 16
323 2249 551 2308 vitium.
646 2246 1030 2308 Fermentum
1086 2246 1393 2326 sulphuris
1449 2248 1771 2326 combusti,
1828 2247 1987 2328 quod
2043 2266 2077 2307 a
2132 2246 2354 2307 fullone

324 2337 545 2398 factum
601 2336 809 2417 fuerit,
864 2354 999 2396 cum
1057 2335 1188 2396 oleo
1243 2355 1490 2398 rosaceo
1545 2337 1825 2398 miscebis
1872 2344 1932 2398 et
1990 2336 2063 2397 de
2110 2334 2353 2415 pinnula

221 2439 283 2487 17
325 2427 506 2505 capiti
550 2424 782 2486 inlineS.
865 2423 1121 2486 Roboris
1164 2424 1409 2507 pilulae,
1457 2444 1607 2505 quae
1655 2426 1835 2505 gallas
1880 2425 2168 2506 similant,
2214 2442 2351 2485 cum

220 2527 284 2578 18
325 2514 496 2592 adipe
552 2516 757 2574 ursina
813 2515 988 2574 tritae
1045 2514 1364 2575 emendant
1420 2515 1728 2593 alopecias
1812 2514 2054 2575 Glandis
2113 2531 2351 2594 quoque
2382 2530 2437 2572 25

325 2604 553 2682 faginae
602 2610 843 2663 exustae
891 2604 1043 2664 cinis
1098 2622 1234 2664 cum
1287 2602 1462 2664 melle
1510 2603 1791 2682 alopeciis
1837 2602 2045 2664 inlitus
2090 2602 2353 2683 prodest.

220 2706 284 2754 19
325 2690 610 2770 Cupressi
637 2689 956 2770 pilularum
986 2700 1333 2753 exustarum
1364 2691 1555 2772 pulvis
1583 2694 1782 2774 tritus,
1821 2691 2177 2771 ungularum
2208 2690 2355 2753 muli

324 2779 414 2841 vel
460 2780 654 2841 mulae
703 2788 1046 2841 exustarum
1094 2783 1245 2841 cinis
1292 2789 1351 2842 et
1389 2780 1584 2842 oleum
1624 2784 1976 2862 myrtinum,
2019 2782 2170 2842 cinis
2210 2797 2354 2860 quo-

323 2886 439 2950 que
494 2868 586 2929 vel
642 2869 819 2929 fimus
864 2872 1125 2930 murium
1172 2872 1352 2930 tritus
1409 2877 1470 2930 et
1516 2871 1668 2932 cinis
1714 2872 1911 2932 exusti
1956 2871 2215 2931 erinacei
2260 2886 2354 2928 re-

322 2960 511 3019 centis
551 2958 642 3018 vel
679 2958 854 3019 fimus
892 2960 1151 3019 erinacei
1187 2976 1401 3019 recens
1446 2965 1507 3020 et
1535 2959 1922 3021 sandaracha:
1968 2958 2115 3019 haec
2153 2959 2351 3019 omnia
2381 2975 2438 3015 ao

322 3064 461 3108 cum
517 3054 683 3107 aceto
743 3055 803 3108 et
859 3066 994 3109 cum
1042 3049 1171 3127 pice
1229 3047 1453 3128 liquida
1510 3050 1691 3109 mixta
1748 3056 1807 3109 et
1861 3050 2116 3126 inposita
2173 3049 2352 3108 etiam

217 3151 286 3201 20
323 3134 580 3196 fluentes
629 3134 872 3214 capillos
919 3138 1242 3197 continent.
1318 3135 1646 3216 Leporinae
1693 3137 1860 3198 lanae
1907 3148 2151 3198 exustae
2197 3137 2354 3197 cinis

326 3243 464 3286 cum
511 3224 639 3285 oleo
689 3228 943 3304 myrtino
992 3231 1052 3286 et
1099 3225 1231 3286 felle
1278 3229 1517 3287 taurino
1565 3232 1626 3287 et
1662 3225 1920 3288 alumine
1958 3228 2101 3287 trito
2140 3226 2352 3286 misce-

325 3323 425 3375 tur
481 3314 961 3394 tepefactumque
1015 3315 1385 3376 medicamen
1440 3315 1674 3376 inlitum
1727 3314 2043 3376 admodum
2089 3313 2354 3393 prodest.

216 3416 284 3464 21
322 3402 663 3464 Muscarum
718 3405 911 3482 capita
967 3403 1277 3465 combusta
1334 3412 1395 3465 et
1449 3422 1587 3465 cum
1648 3404 1820 3465 melle
1865 3406 2006 3466 trita
2053 3405 2355 3482 capitique
2381 3417 2435 3460 se

217 3504 283 3553 22
322 3492 488 3553 inlita
538 3495 686 3553 mire
732 3492 1025 3570 alopecias
1070 3493 1302 3554 tollunt.
1382 3492 1617 3554 Fimum
1664 3493 2070 3554 columbinum
2118 3494 2170 3552 si
2216 3493 2356 3571 quis

325 3599 461 3641 cum
517 3590 685 3643 aceto
740 3583 950 3643 tritum
1005 3583 1186 3661 capiti
1240 3583 1512 3665 inponat,
1568 3581 1860 3662 alopecias
1921 3591 1981 3643 et
2040 3582 2357 3643 cicatrices
