<?xml version="1.0" encoding="UTF-8"?>
<!DOCTYPE html PUBLIC "-//W3C//DTD XHTML 1.0 Transitional//EN"
    "http://www.w3.org/TR/xhtml1/DTD/xhtml1-transitional.dtd">
<html xmlns="http://www.w3.org/1999/xhtml" xml:lang="en" lang="en">
 <head>
  <title>
</title>
<meta http-equiv="Content-Type" content="text/html;charset=utf-8" />
  <meta name='ocr-system' content='tesseract 3.04.00' />
  <meta name='ocr-capabilities' content='ocr_page ocr_carea ocr_par ocr_line ocrx_word'/>
</head>
<body>
  <div class='ocr_page' id='page_1' title='image "./marcellidemedic00unkngoog_0082.png"; bbox 0 0 2575 4092; ppageno 0'>
   <div class='ocr_carea' id='block_1_1' title="bbox 258 2356 324 2406">
    <p class='ocr_par' dir='ltr' id='par_1_1' title="bbox 258 2356 324 2406">
     <span class='ocr_line' id='line_1_1' title="bbox 258 2356 324 2406; baseline 0.03 -2"><span class='ocrx_word' id='word_1_1' title='bbox 258 2356 324 2406; x_wconf 85' lang='lat'><strong>18</strong></span> 
     </span>
    </p>
   </div>
   <div class='ocr_carea' id='block_1_2' title="bbox 260 2890 324 2939">
    <p class='ocr_par' dir='ltr' id='par_1_2' title="bbox 260 2890 324 2939">
     <span class='ocr_line' id='line_1_2' title="bbox 260 2890 324 2939; baseline 0 0"><span class='ocrx_word' id='word_1_2' title='bbox 260 2890 324 2939; x_wconf 83' lang='lat'><strong>19</strong></span> 
     </span>
    </p>
   </div>
   <div class='ocr_carea' id='block_1_3' title="bbox 1157 223 1590 288">
    <p class='ocr_par' dir='ltr' id='par_1_3' title="bbox 1157 223 1590 288">
     <span class='ocr_line' id='line_1_3' title="bbox 1157 223 1590 288; baseline -0.002 -19"><span class='ocrx_word' id='word_1_3' title='bbox 1157 223 1590 288; x_wconf 73' lang='lat'>-64—</span> 
     </span>
    </p>
   </div>
   <div class='ocr_carea' id='block_1_4' title="bbox 358 384 2483 3400">
    <p class='ocr_par' dir='ltr' id='par_1_4' title="bbox 358 384 2483 3400">
     <span class='ocr_line' id='line_1_4' title="bbox 358 384 2386 468; baseline -0 -22"><span class='ocrx_word' id='word_1_4' title='bbox 358 386 617 468; x_wconf 83' lang='lat' dir='ltr'><strong>hyaenae</strong></span> <span class='ocrx_word' id='word_1_5' title='bbox 666 385 818 447; x_wconf 89' lang='lat' dir='ltr'><strong>fellis</strong></span> <span class='ocrx_word' id='word_1_6' title='bbox 866 386 917 447; x_wconf 99' lang='lat' dir='ltr'>X</span> <span class='ocrx_word' id='word_1_7' title='bbox 958 386 1011 467; x_wconf 88' lang='lat'><strong>1,</strong></span> <span class='ocrx_word' id='word_1_8' title='bbox 1059 385 1355 465; x_wconf 83' lang='lat' dir='ltr'><strong>euphorbi</strong></span> <span class='ocrx_word' id='word_1_9' title='bbox 1400 385 1451 445; x_wconf 88' lang='lat' dir='ltr'>X</span> <span class='ocrx_word' id='word_1_10' title='bbox 1490 386 1541 467; x_wconf 81' lang='lat'><strong>13</strong></span> <span class='ocrx_word' id='word_1_11' title='bbox 1587 385 1700 447; x_wconf 94' lang='lat' dir='ltr'><strong>hoc</strong></span> <span class='ocrx_word' id='word_1_12' title='bbox 1748 385 1879 445; x_wconf 91' lang='lat' dir='ltr'><strong>oleo</strong></span> <span class='ocrx_word' id='word_1_13' title='bbox 1919 384 2167 446; x_wconf 83' lang='lat' dir='ltr'>diluitur</span> <span class='ocrx_word' id='word_1_14' title='bbox 2211 393 2271 447; x_wconf 93' lang='lat' dir='ltr'><strong>et</strong></span> <span class='ocrx_word' id='word_1_15' title='bbox 2307 387 2386 446; x_wconf 90' lang='lat' dir='ltr'><strong>ita</strong></span> 
     </span>
     <span class='ocr_line' id='line_1_5' title="bbox 360 474 2385 555; baseline -0.001 -19"><span class='ocrx_word' id='word_1_16' title='bbox 360 477 721 538; x_wconf 84' lang='lat' dir='ltr'><strong>admiscetur</strong></span> <span class='ocrx_word' id='word_1_17' title='bbox 759 477 993 537; x_wconf 87' lang='lat' dir='ltr'><strong>ceteris.</strong></span> <span class='ocrx_word' id='word_1_18' title='bbox 1069 475 1299 555; x_wconf 83' lang='lat' dir='ltr'><strong>Aquato</strong></span> <span class='ocrx_word' id='word_1_19' title='bbox 1340 477 1428 536; x_wconf 89' lang='lat' dir='ltr'><strong>uti</strong></span> <span class='ocrx_word' id='word_1_20' title='bbox 1465 474 1764 553; x_wconf 76' lang='lat' dir='ltr'><strong>oportebit</strong></span> <span class='ocrx_word' id='word_1_21' title='bbox 1795 474 1909 535; x_wconf 89' lang='lat' dir='ltr'><strong>hoc</strong></span> <span class='ocrx_word' id='word_1_22' title='bbox 1938 475 2385 555; x_wconf 85' lang='lat' dir='ltr'><strong>medicamento,</strong></span> 
     </span>
     <span class='ocr_line' id='line_1_6' title="bbox 359 563 2386 644; baseline -0.001 -18"><span class='ocrx_word' id='word_1_23' title='bbox 359 575 449 626; x_wconf 86' lang='lat' dir='ltr'><strong>est</strong></span> <span class='ocrx_word' id='word_1_24' title='bbox 487 566 644 625; x_wconf 89' lang='lat' dir='ltr'><strong>enim</strong></span> <span class='ocrx_word' id='word_1_25' title='bbox 682 566 1039 626; x_wconf 83' lang='lat' dir='ltr'><strong>acerrimum</strong></span> <span class='ocrx_word' id='word_1_26' title='bbox 1076 576 1137 626; x_wconf 89' lang='lat' dir='ltr'><strong>et</strong></span> <span class='ocrx_word' id='word_1_27' title='bbox 1175 565 1438 643; x_wconf 85' lang='lat' dir='ltr'><strong>undique</strong></span> <span class='ocrx_word' id='word_1_28' title='bbox 1479 581 1717 625; x_wconf 90' lang='lat' dir='ltr'><strong>umores</strong></span> <span class='ocrx_word' id='word_1_29' title='bbox 1755 563 1963 644; x_wconf 81' lang='lat' dir='ltr'><strong>trahit3</strong></span> <span class='ocrx_word' id='word_1_30' title='bbox 2002 563 2386 643; x_wconf 89' lang='lat' dir='ltr'><strong>quamobrem</strong></span> 
     </span>
     <span class='ocr_line' id='line_1_7' title="bbox 360 652 2386 734; baseline -0 -20"><span class='ocrx_word' id='word_1_31' title='bbox 360 672 478 715; x_wconf 92' lang='lat' dir='ltr'><strong>non</strong></span> <span class='ocrx_word' id='word_1_32' title='bbox 536 660 676 714; x_wconf 90' lang='lat' dir='ltr'><strong>sunt</strong></span> <span class='ocrx_word' id='word_1_33' title='bbox 729 652 1082 734; x_wconf 86' lang='lat' dir='ltr'><strong>inungendi,</strong></span> <span class='ocrx_word' id='word_1_34' title='bbox 1138 655 1242 732; x_wconf 89' lang='lat' dir='ltr'><strong>qui</strong></span> <span class='ocrx_word' id='word_1_35' title='bbox 1298 655 1512 732; x_wconf 89' lang='lat' dir='ltr'><strong>capitis</strong></span> <span class='ocrx_word' id='word_1_36' title='bbox 1559 652 1822 714; x_wconf 89' lang='lat' dir='ltr'><strong>dolorem</strong></span> <span class='ocrx_word' id='word_1_37' title='bbox 1869 660 1971 714; x_wconf 89' lang='lat' dir='ltr'><strong>aut</strong></span> <span class='ocrx_word' id='word_1_38' title='bbox 2025 653 2386 731; x_wconf 84' lang='lat' dir='ltr'><strong>gravidinem</strong></span> 
     </span>
     <span class='ocr_line' id='line_1_8' title="bbox 358 740 2446 822; baseline -0.001 -20"><span class='ocrx_word' id='word_1_39' title='bbox 358 742 596 822; x_wconf 87' lang='lat' dir='ltr'><strong>habent,</strong></span> <span class='ocrx_word' id='word_1_40' title='bbox 634 752 694 804; x_wconf 91' lang='lat' dir='ltr'><strong>et</strong></span> <span class='ocrx_word' id='word_1_41' title='bbox 731 751 866 803; x_wconf 89' lang='lat' dir='ltr'><strong>ante</strong></span> <span class='ocrx_word' id='word_1_42' title='bbox 906 742 1151 804; x_wconf 88' lang='lat' dir='ltr'>biduum</span> <span class='ocrx_word' id='word_1_43' title='bbox 1182 751 1285 803; x_wconf 87' lang='lat' dir='ltr'><strong>aut</strong></span> <span class='ocrx_word' id='word_1_44' title='bbox 1313 741 1578 803; x_wconf 89' lang='lat' dir='ltr'><strong>triduum</strong></span> <span class='ocrx_word' id='word_1_45' title='bbox 1608 759 1820 820; x_wconf 90' lang='lat' dir='ltr'><strong>aquam</strong></span> <span class='ocrx_word' id='word_1_46' title='bbox 1847 740 2069 822; x_wconf 85' lang='lat' dir='ltr'><strong>bibant,</strong></span> <span class='ocrx_word' id='word_1_47' title='bbox 2107 759 2257 820; x_wconf 91' lang='lat' dir='ltr'><strong>quos</strong></span> <span class='ocrx_word' id='word_1_48' title='bbox 2291 741 2387 802; x_wconf 91' lang='lat' dir='ltr'><strong>de·</strong></span> <span class='ocrx_word' id='word_1_49' title='bbox 2416 757 2446 798; x_wconf 74' lang='lat'><strong>5</strong></span> 
     </span>
     <span class='ocr_line' id='line_1_9' title="bbox 359 829 2388 913; baseline -0 -22"><span class='ocrx_word' id='word_1_50' title='bbox 359 833 673 892; x_wconf 89' lang='lat' dir='ltr'><strong>stinaveris</strong></span> <span class='ocrx_word' id='word_1_51' title='bbox 706 849 776 892; x_wconf 90' lang='lat' dir='ltr'><strong>eo</strong></span> <span class='ocrx_word' id='word_1_52' title='bbox 812 834 1173 913; x_wconf 84' lang='lat' dir='ltr'><strong>inunguere3</strong></span> <span class='ocrx_word' id='word_1_53' title='bbox 1212 849 1568 910; x_wconf 89' lang='lat' dir='ltr'><strong>quamquam</strong></span> <span class='ocrx_word' id='word_1_54' title='bbox 1598 829 1813 892; x_wconf 89' lang='lat' dir='ltr'><strong>melius</strong></span> <span class='ocrx_word' id='word_1_55' title='bbox 1841 830 2077 911; x_wconf 87' lang='lat' dir='ltr'><strong>facient,</strong></span> <span class='ocrx_word' id='word_1_56' title='bbox 2124 833 2176 890; x_wconf 92' lang='lat' dir='ltr'><strong>si</strong></span> <span class='ocrx_word' id='word_1_57' title='bbox 2212 833 2388 891; x_wconf 89' lang='lat' dir='ltr'><strong>etiam</strong></span> 
     </span>
     <span class='ocr_line' id='line_1_10' title="bbox 359 918 2386 1000; baseline 0 -20"><span class='ocrx_word' id='word_1_58' title='bbox 359 928 813 999; x_wconf 87' lang='lat' dir='ltr'><strong>perseveranter</strong></span> <span class='ocrx_word' id='word_1_59' title='bbox 866 939 1075 999; x_wconf 91' lang='lat' dir='ltr'><strong>aquam</strong></span> <span class='ocrx_word' id='word_1_60' title='bbox 1132 922 1495 1000; x_wconf 83' lang='lat' dir='ltr'><strong>potaverint3</strong></span> <span class='ocrx_word' id='word_1_61' title='bbox 1551 921 1691 981; x_wconf 88' lang='lat' dir='ltr'><strong>vitio</strong></span> <span class='ocrx_word' id='word_1_62' title='bbox 1757 922 1915 980; x_wconf 90' lang='lat' dir='ltr'><strong>enim</strong></span> <span class='ocrx_word' id='word_1_63' title='bbox 1971 918 2386 980; x_wconf 90' lang='lat' dir='ltr'><strong>molestissimo</strong></span> 
     </span>
     <span class='ocr_line' id='line_1_11' title="bbox 361 1007 2387 1088; baseline 0 -19"><span class='ocrx_word' id='word_1_64' title='bbox 361 1009 591 1071; x_wconf 84' lang='lat' dir='ltr'><strong>facilius</strong></span> <span class='ocrx_word' id='word_1_65' title='bbox 619 1012 777 1071; x_wconf 85' lang='lat' dir='ltr'><strong>inter</strong></span> <span class='ocrx_word' id='word_1_66' title='bbox 805 1012 973 1070; x_wconf 90' lang='lat' dir='ltr'><strong>initia</strong></span> <span class='ocrx_word' id='word_1_67' title='bbox 1002 1008 1310 1070; x_wconf 88' lang='lat' dir='ltr'><strong>carebunt.</strong></span> <span class='ocrx_word' id='word_1_68' title='bbox 1358 1008 1487 1071; x_wconf 89' lang='lat' dir='ltr'><strong>Non</strong></span> <span class='ocrx_word' id='word_1_69' title='bbox 1518 1017 1716 1069; x_wconf 90' lang='lat' dir='ltr'><strong>autem</strong></span> <span class='ocrx_word' id='word_1_70' title='bbox 1745 1010 2030 1088; x_wconf 83' lang='lat' dir='ltr'><strong>praeterit</strong></span> <span class='ocrx_word' id='word_1_71' title='bbox 2057 1025 2151 1068; x_wconf 92' lang='lat' dir='ltr'><strong>me</strong></span> <span class='ocrx_word' id='word_1_72' title='bbox 2171 1007 2387 1070; x_wconf 89' lang='lat' dir='ltr'><strong>habere</strong></span> 
     </span>
     <span class='ocr_line' id='line_1_12' title="bbox 360 1090 2385 1178; baseline 0 -20"><span class='ocrx_word' id='word_1_73' title='bbox 360 1106 419 1159; x_wconf 89' lang='lat' dir='ltr'><strong>te</strong></span> <span class='ocrx_word' id='word_1_74' title='bbox 450 1098 776 1178; x_wconf 84' lang='lat' dir='ltr'><strong>prudentes</strong></span> <span class='ocrx_word' id='word_1_75' title='bbox 804 1098 1116 1177; x_wconf 90' lang='lat' dir='ltr'><strong>ocularios‚</strong></span> <span class='ocrx_word' id='word_1_76' title='bbox 1155 1097 1376 1177; x_wconf 84' lang='lat' dir='ltr'><strong>quibus</strong></span> <span class='ocrx_word' id='word_1_77' title='bbox 1410 1100 1462 1158; x_wconf 94' lang='lat' dir='ltr'><strong>si</strong></span> <span class='ocrx_word' id='word_1_78' title='bbox 1486 1090 1726 1158; x_wconf 73' lang='lat' dir='ltr'><strong>&#39;nomina</strong></span> <span class='ocrx_word' id='word_1_79' title='bbox 1756 1096 1981 1158; x_wconf 85' lang='lat' dir='ltr'><strong>dixeris</strong></span> <span class='ocrx_word' id='word_1_80' title='bbox 2008 1097 2385 1177; x_wconf 80' lang='lat' dir='ltr'><strong>collyriorum</strong></span> 
     </span>
     <span class='ocr_line' id='line_1_13' title="bbox 361 1185 2475 1269; baseline -0.002 -23"><span class='ocrx_word' id='word_1_81' title='bbox 361 1191 422 1247; x_wconf 88' lang='lat' dir='ltr'><strong>in</strong></span> <span class='ocrx_word' id='word_1_82' title='bbox 450 1187 563 1248; x_wconf 90' lang='lat' dir='ltr'><strong>hoc</strong></span> <span class='ocrx_word' id='word_1_83' title='bbox 591 1187 744 1248; x_wconf 92' lang='lat' dir='ltr'><strong>libro</strong></span> <span class='ocrx_word' id='word_1_84' title='bbox 775 1189 1155 1269; x_wconf 88' lang='lat' dir='ltr'><strong>scriptorum,</strong></span> <span class='ocrx_word' id='word_1_85' title='bbox 1190 1187 1553 1248; x_wconf 87' lang='lat' dir='ltr'><strong>contendent</strong></span> <span class='ocrx_word' id='word_1_86' title='bbox 1583 1187 1780 1247; x_wconf 82' lang='lat' dir='ltr'><strong>forsan</strong></span> <span class='ocrx_word' id='word_1_87' title='bbox 1810 1205 1873 1247; x_wconf 91' lang='lat' dir='ltr'><strong>se</strong></span> <span class='ocrx_word' id='word_1_88' title='bbox 1903 1204 2141 1266; x_wconf 90' lang='lat' dir='ltr'><strong>quoque</strong></span> <span class='ocrx_word' id='word_1_89' title='bbox 2169 1185 2387 1248; x_wconf 86' lang='lat' dir='ltr'><strong>habere</strong></span> <span class='ocrx_word' id='word_1_90' title='bbox 2420 1203 2475 1242; x_wconf 80' lang='grc' dir='ltr'><strong>ιο</strong></span> 
     </span>
     <span class='ocr_line' id='line_1_14' title="bbox 363 1275 2387 1356; baseline 0 -20"><span class='ocrx_word' id='word_1_91' title='bbox 363 1275 566 1336; x_wconf 88' lang='lat' dir='ltr'><strong>eadem</strong></span> <span class='ocrx_word' id='word_1_92' title='bbox 621 1278 958 1356; x_wconf 88' lang='lat' dir='ltr'><strong>conposita:</strong></span> <span class='ocrx_word' id='word_1_93' title='bbox 1014 1277 1117 1337; x_wconf 93' lang='lat' dir='ltr'><strong>sed</strong></span> <span class='ocrx_word' id='word_1_94' title='bbox 1175 1277 1226 1337; x_wconf 93' lang='lat' dir='ltr'><strong>si</strong></span> <span class='ocrx_word' id='word_1_95' title='bbox 1281 1276 1545 1355; x_wconf 91' lang='lat' dir='ltr'><strong>pondera</strong></span> <span class='ocrx_word' id='word_1_96' title='bbox 1602 1282 1705 1336; x_wconf 92' lang='lat' dir='ltr'><strong>aut</strong></span> <span class='ocrx_word' id='word_1_97' title='bbox 1761 1276 2008 1337; x_wconf 83' lang='lat' dir='ltr'><strong>effectus</strong></span> <span class='ocrx_word' id='word_1_98' title='bbox 2065 1293 2387 1354; x_wconf 88' lang='lat' dir='ltr'><strong>conparare</strong></span> 
     </span>
     <span class='ocr_line' id='line_1_15' title="bbox 362 1364 2385 1444; baseline 0 -21"><span class='ocrx_word' id='word_1_99' title='bbox 362 1364 540 1443; x_wconf 78' lang='lat' dir='ltr'><strong>voleS‚</strong></span> <span class='ocrx_word' id='word_1_100' title='bbox 586 1364 760 1444; x_wconf 90' lang='lat' dir='ltr'><strong>longe</strong></span> <span class='ocrx_word' id='word_1_101' title='bbox 807 1365 1072 1426; x_wconf 88' lang='lat' dir='ltr'><strong>diversos</strong></span> <span class='ocrx_word' id='word_1_102' title='bbox 1119 1367 1403 1426; x_wconf 84' lang='lat' dir='ltr'><strong>invenies.</strong></span> <span class='ocrx_word' id='word_1_103' title='bbox 1478 1364 1603 1443; x_wconf 89' lang='lat' dir='ltr'><strong>Ego</strong></span> <span class='ocrx_word' id='word_1_104' title='bbox 1650 1366 1810 1424; x_wconf 88' lang='lat' dir='ltr'><strong>enim</strong></span> <span class='ocrx_word' id='word_1_105' title='bbox 1855 1366 1983 1444; x_wconf 92' lang='lat' dir='ltr'><strong>ipse</strong></span> <span class='ocrx_word' id='word_1_106' title='bbox 2030 1364 2238 1425; x_wconf 92' lang='lat' dir='ltr'><strong>eodem</strong></span> <span class='ocrx_word' id='word_1_107' title='bbox 2286 1383 2385 1425; x_wconf 91' lang='lat' dir='ltr'><strong>no-</strong></span> 
     </span>
     <span class='ocr_line' id='line_1_16' title="bbox 361 1452 2388 1535; baseline 0 -22"><span class='ocrx_word' id='word_1_108' title='bbox 361 1455 520 1513; x_wconf 87' lang='lat' dir='ltr'><strong>mine</strong></span> <span class='ocrx_word' id='word_1_109' title='bbox 585 1454 770 1515; x_wconf 87' lang='lat' dir='ltr'><strong>multa</strong></span> <span class='ocrx_word' id='word_1_110' title='bbox 836 1456 1167 1534; x_wconf 90' lang='lat' dir='ltr'><strong>conposita,</strong></span> <span class='ocrx_word' id='word_1_111' title='bbox 1234 1473 1353 1514; x_wconf 90' lang='lat' dir='ltr'><strong>non</strong></span> <span class='ocrx_word' id='word_1_112' title='bbox 1409 1454 1599 1514; x_wconf 90' lang='lat' dir='ltr'><strong>isdem</strong></span> <span class='ocrx_word' id='word_1_113' title='bbox 1655 1452 2019 1532; x_wconf 83' lang='lat' dir='ltr'><strong>ponderibus</strong></span> <span class='ocrx_word' id='word_1_114' title='bbox 2076 1461 2135 1514; x_wconf 89' lang='lat' dir='ltr'><strong>et</strong></span> <span class='ocrx_word' id='word_1_115' title='bbox 2191 1452 2388 1535; x_wconf 79' lang='lat' dir='ltr'><strong>rebuS,</strong></span> 
     </span>
     <span class='ocr_line' id='line_1_17' title="bbox 361 1541 2389 1625; baseline 0.001 -24"><span class='ocrx_word' id='word_1_116' title='bbox 361 1543 661 1604; x_wconf 86' lang='lat' dir='ltr'><strong>interdum</strong></span> <span class='ocrx_word' id='word_1_117' title='bbox 717 1543 932 1625; x_wconf 88' lang='lat' dir='ltr'><strong>habeo,</strong></span> <span class='ocrx_word' id='word_1_118' title='bbox 989 1544 1093 1604; x_wconf 93' lang='lat' dir='ltr'><strong>sed</strong></span> <span class='ocrx_word' id='word_1_119' title='bbox 1150 1545 1403 1604; x_wconf 87' lang='lat' dir='ltr'><strong>maxime</strong></span> <span class='ocrx_word' id='word_1_120' title='bbox 1455 1541 1719 1622; x_wconf 88' lang='lat' dir='ltr'><strong>probatis</strong></span> <span class='ocrx_word' id='word_1_121' title='bbox 1767 1550 1921 1602; x_wconf 87' lang='lat' dir='ltr'><strong>utor.</strong></span> <span class='ocrx_word' id='word_1_122' title='bbox 2012 1541 2135 1602; x_wconf 89' lang='lat' dir='ltr'><strong>Nec</strong></span> <span class='ocrx_word' id='word_1_123' title='bbox 2181 1544 2389 1622; x_wconf 89' lang='lat' dir='ltr'><strong>utique</strong></span> 
     </span>
     <span class='ocr_line' id='line_1_18' title="bbox 361 1629 2475 1713; baseline 0 -22"><span class='ocrx_word' id='word_1_124' title='bbox 361 1631 608 1693; x_wconf 87' lang='lat' dir='ltr'><strong>adfirmo</strong></span> <span class='ocrx_word' id='word_1_125' title='bbox 656 1651 776 1694; x_wconf 90' lang='lat' dir='ltr'><strong>non</strong></span> <span class='ocrx_word' id='word_1_126' title='bbox 821 1651 997 1713; x_wconf 89' lang='lat' dir='ltr'><strong>posse</strong></span> <span class='ocrx_word' id='word_1_127' title='bbox 1045 1642 1105 1693; x_wconf 91' lang='lat' dir='ltr'><strong>et</strong></span> <span class='ocrx_word' id='word_1_128' title='bbox 1150 1633 1299 1694; x_wconf 89' lang='lat' dir='ltr'><strong>alios</strong></span> <span class='ocrx_word' id='word_1_129' title='bbox 1346 1631 1550 1692; x_wconf 86' lang='lat' dir='ltr'><strong>eadem</strong></span> <span class='ocrx_word' id='word_1_130' title='bbox 1591 1629 1831 1711; x_wconf 86' lang='lat' dir='ltr'><strong>habere,</strong></span> <span class='ocrx_word' id='word_1_131' title='bbox 1879 1648 2012 1691; x_wconf 90' lang='lat' dir='ltr'><strong>nam</strong></span> <span class='ocrx_word' id='word_1_132' title='bbox 2050 1633 2276 1709; x_wconf 89' lang='lat' dir='ltr'><strong>etipse</strong></span> <span class='ocrx_word' id='word_1_133' title='bbox 2315 1630 2388 1692; x_wconf 90' lang='lat' dir='ltr'><strong>ab</strong></span> <span class='ocrx_word' id='word_1_134' title='bbox 2421 1647 2475 1688; x_wconf 75' lang='lat'><strong>1⁵</strong></span> 
     </span>
     <span class='ocr_line' id='line_1_19' title="bbox 360 1718 2391 1804; baseline 0 -24"><span class='ocrx_word' id='word_1_135' title='bbox 360 1719 491 1781; x_wconf 93' lang='lat' dir='ltr'><strong>aliis</strong></span> <span class='ocrx_word' id='word_1_136' title='bbox 531 1724 751 1804; x_wconf 83' lang='lat' dir='ltr'><strong>accepi,</strong></span> <span class='ocrx_word' id='word_1_137' title='bbox 794 1723 897 1783; x_wconf 90' lang='lat' dir='ltr'><strong>sed</strong></span> <span class='ocrx_word' id='word_1_138' title='bbox 936 1740 1072 1783; x_wconf 90' lang='lat' dir='ltr'><strong>raro</strong></span> <span class='ocrx_word' id='word_1_139' title='bbox 1111 1723 1234 1783; x_wconf 92' lang='lat' dir='ltr'><strong>scio</strong></span> <span class='ocrx_word' id='word_1_140' title='bbox 1275 1718 1676 1782; x_wconf 89' lang='lat' dir='ltr'><strong>oculariorum</strong></span> <span class='ocrx_word' id='word_1_141' title='bbox 1716 1719 2003 1799; x_wconf 90' lang='lat' dir='ltr'><strong>quosdam</strong></span> <span class='ocrx_word' id='word_1_142' title='bbox 2042 1720 2391 1800; x_wconf 89' lang='lat' dir='ltr'><strong>simpliciter</strong></span> 
     </span>
     <span class='ocr_line' id='line_1_20' title="bbox 362 1808 2392 1890; baseline -0 -21"><span class='ocrx_word' id='word_1_143' title='bbox 362 1810 599 1871; x_wconf 85' lang='lat' dir='ltr'><strong>tradere</strong></span> <span class='ocrx_word' id='word_1_144' title='bbox 647 1813 1087 1890; x_wconf 86' lang='lat' dir='ltr'><strong>conpositiones</strong></span> <span class='ocrx_word' id='word_1_145' title='bbox 1134 1829 1350 1890; x_wconf 91' lang='lat' dir='ltr'><strong>meque</strong></span> <span class='ocrx_word' id='word_1_146' title='bbox 1396 1808 1651 1870; x_wconf 90' lang='lat' dir='ltr'><strong>multum</strong></span> <span class='ocrx_word' id='word_1_147' title='bbox 1698 1808 2061 1887; x_wconf 88' lang='lat' dir='ltr'><strong>elaborasse,</strong></span> <span class='ocrx_word' id='word_1_148' title='bbox 2110 1817 2176 1869; x_wconf 89' lang='lat' dir='ltr'><strong>ut</strong></span> <span class='ocrx_word' id='word_1_149' title='bbox 2225 1827 2392 1869; x_wconf 88' lang='lat' dir='ltr'><strong>veras</strong></span> 
     </span>
     <span class='ocr_line' id='line_1_21' title="bbox 365 1896 2391 1980; baseline 0 -22"><span class='ocrx_word' id='word_1_150' title='bbox 365 1907 425 1958; x_wconf 90' lang='lat' dir='ltr'><strong>et</strong></span> <span class='ocrx_word' id='word_1_151' title='bbox 471 1900 850 1979; x_wconf 88' lang='lat' dir='ltr'><strong>incorruptas</strong></span> <span class='ocrx_word' id='word_1_152' title='bbox 892 1902 1242 1980; x_wconf 85' lang='lat' dir='ltr'><strong>acciperem,</strong></span> <span class='ocrx_word' id='word_1_153' title='bbox 1279 1900 1557 1959; x_wconf 92' lang='lat' dir='ltr'><strong>conscius</strong></span> <span class='ocrx_word' id='word_1_154' title='bbox 1595 1916 1728 1958; x_wconf 87' lang='lat' dir='ltr'><strong>sum</strong></span> <span class='ocrx_word' id='word_1_155' title='bbox 1770 1897 1928 1957; x_wconf 89' lang='lat' dir='ltr'><strong>mihi.</strong></span> <span class='ocrx_word' id='word_1_156' title='bbox 2002 1896 2208 1976; x_wconf 89' lang='lat' dir='ltr'><strong>Neque</strong></span> <span class='ocrx_word' id='word_1_157' title='bbox 2246 1897 2391 1959; x_wconf 91' lang='lat' dir='ltr'><strong>illud</strong></span> 
     </span>
     <span class='ocr_line' id='line_1_22' title="bbox 362 1986 2393 2070; baseline 0 -24"><span class='ocrx_word' id='word_1_158' title='bbox 362 2004 574 2049; x_wconf 91' lang='lat' dir='ltr'><strong>rursus</strong></span> <span class='ocrx_word' id='word_1_159' title='bbox 631 1988 791 2070; x_wconf 85' lang='lat' dir='ltr'><strong>dico,</strong></span> <span class='ocrx_word' id='word_1_160' title='bbox 846 2006 1027 2049; x_wconf 85' lang='lat' dir='ltr'><strong>novas</strong></span> <span class='ocrx_word' id='word_1_161' title='bbox 1082 2006 1288 2048; x_wconf 88' lang='lat' dir='ltr'><strong>omnes</strong></span> <span class='ocrx_word' id='word_1_162' title='bbox 1346 1995 1405 2048; x_wconf 89' lang='lat' dir='ltr'><strong>et</strong></span> <span class='ocrx_word' id='word_1_163' title='bbox 1460 2006 1580 2047; x_wconf 90' lang='lat' dir='ltr'><strong>non</strong></span> <span class='ocrx_word' id='word_1_164' title='bbox 1627 1986 1923 2066; x_wconf 89' lang='lat' dir='ltr'><strong>aliquibus</strong></span> <span class='ocrx_word' id='word_1_165' title='bbox 1970 1994 2139 2046; x_wconf 90' lang='lat' dir='ltr'><strong>notas</strong></span> <span class='ocrx_word' id='word_1_166' title='bbox 2185 2005 2282 2048; x_wconf 89' lang='lat' dir='ltr'><strong>me</strong></span> <span class='ocrx_word' id='word_1_167' title='bbox 2329 1989 2393 2047; x_wconf 91' lang='lat' dir='ltr'><strong>in</strong></span> 
     </span>
     <span class='ocr_line' id='line_1_23' title="bbox 362 2074 2476 2156; baseline -0.001 -22"><span class='ocrx_word' id='word_1_168' title='bbox 362 2074 474 2135; x_wconf 90' lang='lat' dir='ltr'><strong>hoc</strong></span> <span class='ocrx_word' id='word_1_169' title='bbox 530 2075 683 2136; x_wconf 91' lang='lat' dir='ltr'><strong>libro</strong></span> <span class='ocrx_word' id='word_1_170' title='bbox 741 2086 1165 2155; x_wconf 86' lang='lat' dir='ltr'><strong>congesturum</strong></span> <span class='ocrx_word' id='word_1_171' title='bbox 1211 2078 1681 2156; x_wconf 79' lang='lat' dir='ltr'><strong>conpositioneS‚</strong></span> <span class='ocrx_word' id='word_1_172' title='bbox 1739 2094 1943 2136; x_wconf 88' lang='lat' dir='ltr'><strong>verum</strong></span> <span class='ocrx_word' id='word_1_173' title='bbox 1992 2078 2169 2136; x_wconf 88' lang='lat' dir='ltr'><strong>etiam</strong></span> <span class='ocrx_word' id='word_1_174' title='bbox 2217 2094 2389 2155; x_wconf 90' lang='lat' dir='ltr'><strong>quas·</strong></span> <span class='ocrx_word' id='word_1_175' title='bbox 2421 2091 2476 2131; x_wconf 81' lang='lat' dir='ltr'><strong>so</strong></span> 
     </span>
     <span class='ocr_line' id='line_1_24' title="bbox 363 2163 2394 2245; baseline 0.001 -23"><span class='ocrx_word' id='word_1_176' title='bbox 363 2163 494 2223; x_wconf 90' lang='lat' dir='ltr'><strong>dam</strong></span> <span class='ocrx_word' id='word_1_177' title='bbox 543 2164 806 2243; x_wconf 86' lang='lat' dir='ltr'><strong>vulgatas</strong></span> <span class='ocrx_word' id='word_1_178' title='bbox 853 2173 929 2245; x_wconf 87' lang='lat' dir='ltr'><strong>et,</strong></span> <span class='ocrx_word' id='word_1_179' title='bbox 978 2175 1044 2226; x_wconf 90' lang='lat' dir='ltr'><strong>ut</strong></span> <span class='ocrx_word' id='word_1_180' title='bbox 1089 2166 1171 2225; x_wconf 89' lang='lat' dir='ltr'><strong>ita</strong></span> <span class='ocrx_word' id='word_1_181' title='bbox 1209 2165 1418 2245; x_wconf 87' lang='lat' dir='ltr'><strong>dicam,</strong></span> <span class='ocrx_word' id='word_1_182' title='bbox 1463 2164 1812 2244; x_wconf 88' lang='lat' dir='ltr'><strong>publicatas.</strong></span> <span class='ocrx_word' id='word_1_183' title='bbox 1886 2163 2193 2225; x_wconf 88' lang='lat' dir='ltr'><strong>Eiusmodi</strong></span> <span class='ocrx_word' id='word_1_184' title='bbox 2231 2167 2394 2225; x_wconf 90' lang='lat' dir='ltr'><strong>enim</strong></span> 
     </span>
     <span class='ocr_line' id='line_1_25' title="bbox 363 2253 2394 2334; baseline 0.001 -23"><span class='ocrx_word' id='word_1_185' title='bbox 363 2255 499 2330; x_wconf 91' lang='lat' dir='ltr'><strong>quia</strong></span> <span class='ocrx_word' id='word_1_186' title='bbox 564 2253 834 2314; x_wconf 89' lang='lat' dir='ltr'><strong>efficaces</strong></span> <span class='ocrx_word' id='word_1_187' title='bbox 892 2262 1055 2334; x_wconf 85' lang='lat' dir='ltr'><strong>sunt,</strong></span> <span class='ocrx_word' id='word_1_188' title='bbox 1120 2255 1299 2314; x_wconf 91' lang='lat' dir='ltr'><strong>etiam</strong></span> <span class='ocrx_word' id='word_1_189' title='bbox 1354 2253 1630 2332; x_wconf 87' lang='lat' dir='ltr'><strong>plurimis</strong></span> <span class='ocrx_word' id='word_1_190' title='bbox 1682 2256 1745 2314; x_wconf 90' lang='lat' dir='ltr'><strong>in</strong></span> <span class='ocrx_word' id='word_1_191' title='bbox 1800 2254 2070 2314; x_wconf 88' lang='lat' dir='ltr'><strong>notitiam</strong></span> <span class='ocrx_word' id='word_1_192' title='bbox 2126 2256 2394 2315; x_wconf 86' lang='lat' dir='ltr'><strong>veniunt.</strong></span> 
     </span>
     <span class='ocr_line' id='line_1_26' title="bbox 362 2339 2393 2421; baseline 0.001 -20"><span class='ocrx_word' id='word_1_193' title='bbox 362 2339 681 2421; x_wconf 79' lang='lat' dir='ltr'><strong>Collyrium</strong></span> <span class='ocrx_word' id='word_1_194' title='bbox 719 2344 1195 2404; x_wconf 86' lang='lat' dir='ltr'><strong>efficacissimum</strong></span> <span class='ocrx_word' id='word_1_195' title='bbox 1232 2343 1305 2404; x_wconf 92' lang='lat' dir='ltr'><strong>ad</strong></span> <span class='ocrx_word' id='word_1_196' title='bbox 1346 2352 1640 2404; x_wconf 89' lang='lat' dir='ltr'><strong>tumorem</strong></span> <span class='ocrx_word' id='word_1_197' title='bbox 1678 2341 1985 2403; x_wconf 86' lang='lat' dir='ltr'><strong>oculorum</strong></span> <span class='ocrx_word' id='word_1_198' title='bbox 2025 2350 2086 2402; x_wconf 89' lang='lat' dir='ltr'><strong>et</strong></span> <span class='ocrx_word' id='word_1_199' title='bbox 2121 2341 2393 2404; x_wconf 90' lang='lat' dir='ltr'><strong>lacrima-</strong></span> 
     </span>
     <span class='ocr_line' id='line_1_27' title="bbox 362 2431 2397 2512; baseline 0.001 -22"><span class='ocrx_word' id='word_1_200' title='bbox 362 2448 495 2491; x_wconf 90' lang='lat' dir='ltr'><strong>rum</strong></span> <span class='ocrx_word' id='word_1_201' title='bbox 544 2433 792 2492; x_wconf 91' lang='lat' dir='ltr'><strong>nimium</strong></span> <span class='ocrx_word' id='word_1_202' title='bbox 838 2432 1114 2512; x_wconf 88' lang='lat' dir='ltr'><strong>fluorem,</strong></span> <span class='ocrx_word' id='word_1_203' title='bbox 1162 2434 1339 2494; x_wconf 89' lang='lat' dir='ltr'><strong>etiam</strong></span> <span class='ocrx_word' id='word_1_204' title='bbox 1386 2450 1566 2511; x_wconf 91' lang='lat' dir='ltr'><strong>supra</strong></span> <span class='ocrx_word' id='word_1_205' title='bbox 1613 2438 1970 2510; x_wconf 90' lang='lat' dir='ltr'><strong>perunctum</strong></span> <span class='ocrx_word' id='word_1_206' title='bbox 2019 2431 2110 2491; x_wconf 87' lang='lat' dir='ltr'><strong>vel</strong></span> <span class='ocrx_word' id='word_1_207' title='bbox 2155 2431 2397 2493; x_wconf 89' lang='lat' dir='ltr'><strong>inlitum</strong></span> 
     </span>
     <span class='ocr_line' id='line_1_28' title="bbox 363 2519 2476 2602; baseline -0.002 -23"><span class='ocrx_word' id='word_1_208' title='bbox 363 2520 570 2580; x_wconf 86' lang='lat' dir='ltr'><strong>efficax</strong></span> <span class='ocrx_word' id='word_1_209' title='bbox 619 2529 735 2602; x_wconf 85' lang='lat' dir='ltr'><strong>est,</strong></span> <span class='ocrx_word' id='word_1_210' title='bbox 783 2523 1024 2600; x_wconf 86' lang='lat' dir='ltr'><strong>accipit:</strong></span> <span class='ocrx_word' id='word_1_211' title='bbox 1075 2521 1322 2582; x_wconf 89' lang='lat' dir='ltr'><strong>Acaciae</strong></span> <span class='ocrx_word' id='word_1_212' title='bbox 1370 2519 1422 2579; x_wconf 89' lang='lat' dir='ltr'>X</span> <span class='ocrx_word' id='word_1_213' title='bbox 1459 2519 1613 2600; x_wconf 87' lang='lat' dir='ltr'>XVI,</span> <span class='ocrx_word' id='word_1_214' title='bbox 1661 2520 1921 2581; x_wconf 89' lang='lat' dir='ltr'><strong>cadmiae</strong></span> <span class='ocrx_word' id='word_1_215' title='bbox 1961 2520 2012 2580; x_wconf 90' lang='lat' dir='ltr'>X</span> <span class='ocrx_word' id='word_1_216' title='bbox 2050 2519 2182 2601; x_wconf 87' lang='lat' dir='ltr'>XII,</span> <span class='ocrx_word' id='word_1_217' title='bbox 2232 2520 2397 2582; x_wconf 87' lang='lat' dir='ltr'><strong>aloes</strong></span> <span class='ocrx_word' id='word_1_218' title='bbox 2425 2533 2476 2576; x_wconf 72' lang='lat'><strong>25</strong></span> 
     </span>
     <span class='ocr_line' id='line_1_29' title="bbox 363 2607 2400 2692; baseline 0.002 -25"><span class='ocrx_word' id='word_1_219' title='bbox 363 2607 412 2667; x_wconf 88' lang='lat' dir='ltr'>X</span> <span class='ocrx_word' id='word_1_220' title='bbox 451 2608 529 2689; x_wconf 87' lang='lat'><strong>11,</strong></span> <span class='ocrx_word' id='word_1_221' title='bbox 577 2613 757 2691; x_wconf 86' lang='lat' dir='ltr'><strong>croci,</strong></span> <span class='ocrx_word' id='word_1_222' title='bbox 803 2629 1053 2691; x_wconf 79' lang='lat' dir='ltr'><strong>myrrae,</strong></span> <span class='ocrx_word' id='word_1_223' title='bbox 1100 2613 1223 2690; x_wconf 90' lang='lat' dir='ltr'><strong>opii</strong></span> <span class='ocrx_word' id='word_1_224' title='bbox 1267 2609 1426 2689; x_wconf 85' lang='lat' dir='ltr'><strong>lecti,</strong></span> <span class='ocrx_word' id='word_1_225' title='bbox 1475 2607 1845 2687; x_wconf 90' lang='lat' dir='ltr'><strong>singulorum</strong></span> <span class='ocrx_word' id='word_1_226' title='bbox 1888 2610 2162 2670; x_wconf 87' lang='lat' dir='ltr'><strong>denarios</strong></span> <span class='ocrx_word' id='word_1_227' title='bbox 2202 2609 2400 2692; x_wconf 84' lang='lat' dir='ltr'><strong>binoS,</strong></span> 
     </span>
     <span class='ocr_line' id='line_1_30' title="bbox 365 2697 2402 2780; baseline 0.001 -23"><span class='ocrx_word' id='word_1_228' title='bbox 365 2700 621 2759; x_wconf 90' lang='lat' dir='ltr'><strong>castorei</strong></span> <span class='ocrx_word' id='word_1_229' title='bbox 665 2699 714 2759; x_wconf 88' lang='lat' dir='ltr'>X</span> <span class='ocrx_word' id='word_1_230' title='bbox 762 2700 813 2780; x_wconf 92' lang='lat'><strong>1,</strong></span> <span class='ocrx_word' id='word_1_231' title='bbox 870 2702 1122 2761; x_wconf 85' lang='lat' dir='ltr'><strong>cummis</strong></span> <span class='ocrx_word' id='word_1_232' title='bbox 1170 2699 1221 2759; x_wconf 90' lang='lat' dir='ltr'>X</span> <span class='ocrx_word' id='word_1_233' title='bbox 1268 2697 1422 2780; x_wconf 88' lang='lat' dir='ltr'>vl11;</span> <span class='ocrx_word' id='word_1_234' title='bbox 1483 2706 1762 2758; x_wconf 90' lang='lat' dir='ltr'><strong>teruntur</strong></span> <span class='ocrx_word' id='word_1_235' title='bbox 1817 2697 1964 2758; x_wconf 87' lang='lat' dir='ltr'><strong>haec</strong></span> <span class='ocrx_word' id='word_1_236' title='bbox 2021 2700 2217 2759; x_wconf 91' lang='lat' dir='ltr'><strong>omnia</strong></span> <span class='ocrx_word' id='word_1_237' title='bbox 2263 2698 2402 2760; x_wconf 83' lang='lat' dir='ltr'><strong>dili-</strong></span> 
     </span>
     <span class='ocr_line' id='line_1_31' title="bbox 362 2786 2402 2868; baseline 0 -21"><span class='ocrx_word' id='word_1_238' title='bbox 362 2795 572 2866; x_wconf 84' lang='lat' dir='ltr'><strong>genter</strong></span> <span class='ocrx_word' id='word_1_239' title='bbox 618 2798 677 2848; x_wconf 84' lang='lat' dir='ltr'><strong>et</strong></span> <span class='ocrx_word' id='word_1_240' title='bbox 725 2807 795 2849; x_wconf 87' lang='lat' dir='ltr'><strong>ex</strong></span> <span class='ocrx_word' id='word_1_241' title='bbox 837 2807 988 2868; x_wconf 91' lang='lat' dir='ltr'><strong>aqua</strong></span> <span class='ocrx_word' id='word_1_242' title='bbox 1024 2790 1467 2867; x_wconf 87' lang='lat' dir='ltr'><strong>permiscentur</strong></span> <span class='ocrx_word' id='word_1_243' title='bbox 1512 2795 1690 2865; x_wconf 89' lang='lat' dir='ltr'><strong>atque</strong></span> <span class='ocrx_word' id='word_1_244' title='bbox 1737 2787 1875 2847; x_wconf 91' lang='lat' dir='ltr'><strong>inde</strong></span> <span class='ocrx_word' id='word_1_245' title='bbox 1915 2789 2114 2848; x_wconf 86' lang='lat' dir='ltr'><strong>statim</strong></span> <span class='ocrx_word' id='word_1_246' title='bbox 2152 2786 2402 2867; x_wconf 86' lang='lat' dir='ltr'><strong>collyria</strong></span> 
     </span>
     <span class='ocr_line' id='line_1_32' title="bbox 364 2874 2401 2958; baseline -0 -22"><span class='ocrx_word' id='word_1_247' title='bbox 364 2876 695 2939; x_wconf 84' lang='lat' dir='ltr'><strong>formantur</strong></span> <span class='ocrx_word' id='word_1_248' title='bbox 741 2897 813 2937; x_wconf 85' lang='lat' dir='ltr'><strong>ex</strong></span> <span class='ocrx_word' id='word_1_249' title='bbox 855 2896 1023 2958; x_wconf 89' lang='lat' dir='ltr'><strong>aqua,</strong></span> <span class='ocrx_word' id='word_1_250' title='bbox 1071 2896 1219 2957; x_wconf 85' lang='lat' dir='ltr'><strong>quae</strong></span> <span class='ocrx_word' id='word_1_251' title='bbox 1259 2885 1400 2938; x_wconf 90' lang='lat' dir='ltr'><strong>sunt</strong></span> <span class='ocrx_word' id='word_1_252' title='bbox 1437 2877 1676 2936; x_wconf 91' lang='lat' dir='ltr'><strong>omnino</strong></span> <span class='ocrx_word' id='word_1_253' title='bbox 1716 2877 1980 2938; x_wconf 86' lang='lat' dir='ltr'><strong>mirifica.</strong></span> <span class='ocrx_word' id='word_1_254' title='bbox 2053 2874 2401 2956; x_wconf 82' lang='lat' dir='ltr'><strong>Xerocolly·</strong></span> 
     </span>
     <span class='ocr_line' id='line_1_33' title="bbox 364 2963 2483 3045; baseline -0.002 -20"><span class='ocrx_word' id='word_1_255' title='bbox 364 2967 518 3026; x_wconf 88' lang='lat' dir='ltr'><strong>rium</strong></span> <span class='ocrx_word' id='word_1_256' title='bbox 575 2969 863 3044; x_wconf 91' lang='lat' dir='ltr'><strong>optimum</strong></span> <span class='ocrx_word' id='word_1_257' title='bbox 921 2966 1004 3036; x_wconf 58' lang='lat' dir='ltr'><strong>ad,</strong></span> <span class='ocrx_word' id='word_1_258' title='bbox 1049 2965 1366 3045; x_wconf 90' lang='lat' dir='ltr'><strong>epiphoras</strong></span> <span class='ocrx_word' id='word_1_259' title='bbox 1422 2982 1590 3025; x_wconf 90' lang='lat' dir='ltr'><strong>acres</strong></span> <span class='ocrx_word' id='word_1_260' title='bbox 1646 2973 1706 3025; x_wconf 92' lang='lat' dir='ltr'><strong>et</strong></span> <span class='ocrx_word' id='word_1_261' title='bbox 1761 2966 1929 3025; x_wconf 90' lang='lat' dir='ltr'><strong>initia</strong></span> <span class='ocrx_word' id='word_1_262' title='bbox 1992 2963 2402 3043; x_wconf 87' lang='lat' dir='ltr'><strong>lippitudinis:</strong></span> <span class='ocrx_word' id='word_1_263' title='bbox 2430 2979 2483 3020; x_wconf 78' lang='lat' dir='ltr'><strong>so</strong></span> 
     </span>
     <span class='ocr_line' id='line_1_34' title="bbox 364 3045 2405 3142; baseline 0 -28"><span class='ocrx_word' id='word_1_264' title='bbox 364 3053 538 3114; x_wconf 86' lang='lat' dir='ltr'><strong>Croci</strong></span> <span class='ocrx_word' id='word_1_265' title='bbox 694 3054 772 3136; x_wconf 81' lang='grc' dir='ltr'><strong>ΙΙ,</strong></span> <span class='ocrx_word' id='word_1_266' title='bbox 821 3054 1176 3116; x_wconf 90' lang='lat' dir='ltr'><strong>sarcocollae</strong></span> <span class='ocrx_word' id='word_1_267' title='bbox 1217 3047 1296 3142; x_wconf 99' lang='grc'><strong>9·</strong></span> <span class='ocrx_word' id='word_1_268' title='bbox 1336 3054 1407 3135; x_wconf 91' lang='lat'><strong>11,</strong></span> <span class='ocrx_word' id='word_1_269' title='bbox 1449 3051 1607 3114; x_wconf 91' lang='lat' dir='ltr'><strong>aloes</strong></span> <span class='ocrx_word' id='word_1_270' title='bbox 1646 3053 1960 3132; x_wconf 90' lang='lat' dir='ltr'><strong>epatitidos</strong></span> <span class='ocrx_word' id='word_1_271' title='bbox 2001 3045 2079 3140; x_wconf 99' lang='grc'><strong>9·</strong></span> <span class='ocrx_word' id='word_1_272' title='bbox 2119 3053 2161 3135; x_wconf 83' lang='grc' dir='ltr'><strong>Ι,</strong></span> <span class='ocrx_word' id='word_1_273' title='bbox 2201 3054 2405 3133; x_wconf 82' lang='lat' dir='ltr'><strong>glauci</strong></span> 
     </span>
     <span class='ocr_line' id='line_1_35' title="bbox 366 3134 2404 3229; baseline 0 -26"><span class='ocrx_word' id='word_1_274' title='bbox 366 3134 444 3229; x_wconf 99' lang='grc'><strong>9·</strong></span> <span class='ocrx_word' id='word_1_275' title='bbox 474 3143 516 3204; x_wconf 88' lang='grc' dir='ltr'><strong>Ι.</strong></span> <span class='ocrx_word' id='word_1_276' title='bbox 647 3163 748 3205; x_wconf 92' lang='lat' dir='ltr'><strong>aec</strong></span> <span class='ocrx_word' id='word_1_277' title='bbox 787 3146 982 3204; x_wconf 88' lang='lat' dir='ltr'><strong>omnia</strong></span> <span class='ocrx_word' id='word_1_278' title='bbox 1021 3143 1337 3223; x_wconf 87' lang='lat' dir='ltr'><strong>diligenter</strong></span> <span class='ocrx_word' id='word_1_279' title='bbox 1377 3145 1516 3204; x_wconf 90' lang='lat' dir='ltr'><strong>trita</strong></span> <span class='ocrx_word' id='word_1_280' title='bbox 1555 3142 1733 3203; x_wconf 91' lang='lat' dir='ltr'><strong>simul</strong></span> <span class='ocrx_word' id='word_1_281' title='bbox 1770 3141 2060 3203; x_wconf 89' lang='lat' dir='ltr'><strong>recondes</strong></span> <span class='ocrx_word' id='word_1_282' title='bbox 2088 3143 2151 3202; x_wconf 89' lang='lat' dir='ltr'><strong>in</strong></span> <span class='ocrx_word' id='word_1_283' title='bbox 2180 3143 2404 3222; x_wconf 80' lang='lat' dir='ltr'><strong>pyxide</strong></span> 
     </span>
     <span class='ocr_line' id='line_1_36' title="bbox 364 3230 2407 3313; baseline 0 -21"><span class='ocrx_word' id='word_1_284' title='bbox 364 3250 583 3311; x_wconf 87' lang='lat' dir='ltr'><strong>cuprea</strong></span> <span class='ocrx_word' id='word_1_285' title='bbox 622 3242 680 3294; x_wconf 91' lang='lat' dir='ltr'><strong>et</strong></span> <span class='ocrx_word' id='word_1_286' title='bbox 718 3251 827 3312; x_wconf 92' lang='lat' dir='ltr'><strong>pro</strong></span> <span class='ocrx_word' id='word_1_287' title='bbox 866 3232 1253 3313; x_wconf 84' lang='lat' dir='ltr'><strong>xerocollyrio</strong></span> <span class='ocrx_word' id='word_1_288' title='bbox 1292 3235 1498 3293; x_wconf 89' lang='lat' dir='ltr'><strong>uteris.</strong></span> <span class='ocrx_word' id='word_1_289' title='bbox 1573 3230 1667 3291; x_wconf 82' lang='lat' dir='ltr'><strong>Ad</strong></span> <span class='ocrx_word' id='word_1_290' title='bbox 1717 3232 2110 3311; x_wconf 90' lang='lat' dir='ltr'><strong>epiphoras</strong></span> <span class='ocrx_word' id='word_1_291' title='bbox 2148 3240 2220 3292; x_wconf 89' lang='lat' dir='ltr'><strong>et</strong></span> <span class='ocrx_word' id='word_1_292' title='bbox 2256 3231 2407 3312; x_wconf 91' lang='lat' dir='ltr'><strong>lip-</strong></span> 
     </span>
     <span class='ocr_line' id='line_1_37' title="bbox 363 3314 2410 3400; baseline 0 -19"><span class='ocrx_word' id='word_1_293' title='bbox 363 3321 737 3400; x_wconf 90' lang='lat' dir='ltr'><strong>pitudines</strong></span> <span class='ocrx_word' id='word_1_294' title='bbox 804 3320 1179 3383; x_wconf 90' lang='lat' dir='ltr'><strong>oculorum</strong></span> <span class='ocrx_word' id='word_1_295' title='bbox 1244 3321 1562 3382; x_wconf 89' lang='lat' dir='ltr'><strong>remedia</strong></span> <span class='ocrx_word' id='word_1_296' title='bbox 1627 3314 1722 3381; x_wconf 68' lang='lat' dir='ltr'><strong>de&#39;</strong></span> <span class='ocrx_word' id='word_1_297' title='bbox 1767 3322 2270 3400; x_wconf 85' lang='lat' dir='ltr'><strong>experimento</strong></span> <span class='ocrx_word' id='word_1_298' title='bbox 2336 3329 2410 3382; x_wconf 89' lang='lat' dir='ltr'><strong>et</strong></span> 
     </span>
    </p>
   </div>
   <div class='ocr_carea' id='block_1_5' title="bbox 363 3514 2411 3668">
    <p class='ocr_par' dir='ltr' id='par_1_5' title="bbox 363 3514 2411 3668">
     <span class='ocr_line' id='line_1_38' title="bbox 505 3514 2411 3599; baseline 0.001 -18"><span class='ocrx_word' id='word_1_299' title='bbox 505 3532 536 3581; x_wconf 83' lang='lat'>5</span> <span class='ocrx_word' id='word_1_300' title='bbox 576 3529 674 3582; x_wconf 77' lang='lat' dir='ltr'><strong>aut</strong></span> <span class='ocrx_word' id='word_1_301' title='bbox 709 3527 956 3583; x_wconf 74' lang='lat' dir='ltr'><strong>triduum</strong></span> <span class='ocrx_word' id='word_1_302' title='bbox 993 3546 1095 3584; x_wconf 84' lang='lat' dir='ltr'><strong>om.</strong></span> <span class='ocrx_word' id='word_1_303' title='bbox 1187 3534 1253 3582; x_wconf 85' lang='lat'><strong>14</strong></span> <span class='ocrx_word' id='word_1_304' title='bbox 1288 3527 1442 3599; x_wconf 76' lang='lat' dir='ltr'><strong>utor]</strong></span> <span class='ocrx_word' id='word_1_305' title='bbox 1479 3543 1630 3582; x_wconf 86' lang='lat' dir='ltr'><strong>ueor.</strong></span> <span class='ocrx_word' id='word_1_306' title='bbox 1724 3531 1792 3580; x_wconf 81' lang='lat'><strong>22</strong></span> <span class='ocrx_word' id='word_1_307' title='bbox 1831 3525 2075 3596; x_wconf 89' lang='lat' dir='ltr'><strong>plurimi.</strong></span> <span class='ocrx_word' id='word_1_308' title='bbox 2159 3514 2411 3583; x_wconf 76' lang='lat' dir='ltr'><strong>notiam.</strong></span> 
     </span>
     <span class='ocr_line' id='line_1_39' title="bbox 363 3598 923 3668; baseline 0.007 -17"><span class='ocrx_word' id='word_1_309' title='bbox 363 3603 432 3653; x_wconf 79' lang='lat'><strong>29</strong></span> <span class='ocrx_word' id='word_1_310' title='bbox 472 3598 923 3668; x_wconf 84' lang='lat' dir='ltr'><strong>Xyrocollirium.</strong></span> 
     </span>
    </p>
   </div>
  </div>
 </body>
</html>
