<?xml version="1.0" encoding="UTF-8"?>
<!DOCTYPE html PUBLIC "-//W3C//DTD XHTML 1.0 Transitional//EN"
    "http://www.w3.org/TR/xhtml1/DTD/xhtml1-transitional.dtd">
<html xmlns="http://www.w3.org/1999/xhtml" xml:lang="en" lang="en">
 <head>
  <title>
</title>
<meta http-equiv="Content-Type" content="text/html;charset=utf-8" />
  <meta name='ocr-system' content='tesseract 3.04.00' />
  <meta name='ocr-capabilities' content='ocr_page ocr_carea ocr_par ocr_line ocrx_word'/>
</head>
<body>
  <div class='ocr_page' id='page_1' title='image "./marcellidemedic00unkngoog_0255.png"; bbox 0 0 2575 4092; ppageno 0'>
   <div class='ocr_carea' id='block_1_1' title="bbox 1007 242 1492 307">
    <p class='ocr_par' dir='ltr' id='par_1_1' title="bbox 1007 242 1492 307">
     <span class='ocr_line' id='line_1_1' title="bbox 1007 242 1492 307; baseline 0.004 -2"><span class='ocrx_word' id='word_1_1' title='bbox 1007 242 1492 307; x_wconf 78' lang='lat'>—235—</span> 
     </span>
    </p>
   </div>
   <div class='ocr_carea' id='block_1_2' title="bbox 154 403 2375 3498">
    <p class='ocr_par' dir='ltr' id='par_1_2' title="bbox 237 403 2273 642">
     <span class='ocr_line' id='line_1_2' title="bbox 237 403 2273 486; baseline 0.001 -20"><span class='ocrx_word' id='word_1_2' title='bbox 237 424 310 466; x_wconf 90' lang='lat' dir='ltr'>ea</span> <span class='ocrx_word' id='word_1_3' title='bbox 358 403 643 481; x_wconf 81' lang='lat' dir='ltr'>malagma</span> <span class='ocrx_word' id='word_1_4' title='bbox 692 403 912 463; x_wconf 81' lang='lat' dir='ltr'>factum</span> <span class='ocrx_word' id='word_1_5' title='bbox 961 404 1167 482; x_wconf 80' lang='lat' dir='ltr'>suerit,</span> <span class='ocrx_word' id='word_1_6' title='bbox 1223 403 1462 465; x_wconf 83' lang='lat' dir='ltr'>rubrica</span> <span class='ocrx_word' id='word_1_7' title='bbox 1510 405 1812 466; x_wconf 79' lang='lat' dir='ltr'>coloratur</span> <span class='ocrx_word' id='word_1_8' title='bbox 1857 414 1918 467; x_wconf 88' lang='lat' dir='ltr'>et</span> <span class='ocrx_word' id='word_1_9' title='bbox 1965 407 2273 486; x_wconf 83' lang='lat' dir='ltr'>inponitur</span> 
     </span>
     <span class='ocr_line' id='line_1_3' title="bbox 237 491 2270 573; baseline 0.001 -19"><span class='ocrx_word' id='word_1_10' title='bbox 237 502 421 571; x_wconf 85' lang='lat' dir='ltr'>atque</span> <span class='ocrx_word' id='word_1_11' title='bbox 475 491 673 552; x_wconf 88' lang='lat' dir='ltr'>tribus</span> <span class='ocrx_word' id='word_1_12' title='bbox 728 492 894 551; x_wconf 90' lang='lat' dir='ltr'>horis</span> <span class='ocrx_word' id='word_1_13' title='bbox 947 491 1229 573; x_wconf 87' lang='lat' dir='ltr'>habetur,</span> <span class='ocrx_word' id='word_1_14' title='bbox 1285 501 1422 572; x_wconf 90' lang='lat' dir='ltr'>post</span> <span class='ocrx_word' id='word_1_15' title='bbox 1477 493 1592 554; x_wconf 91' lang='lat' dir='ltr'>hoc</span> <span class='ocrx_word' id='word_1_16' title='bbox 1639 496 1702 554; x_wconf 89' lang='lat' dir='ltr'>in</span> <span class='ocrx_word' id='word_1_17' title='bbox 1748 493 2048 557; x_wconf 84' lang='lat' dir='ltr'>balineum</span> <span class='ocrx_word' id='word_1_18' title='bbox 2092 493 2270 557; x_wconf 91' lang='lat' dir='ltr'>homo</span> 
     </span>
     <span class='ocr_line' id='line_1_4' title="bbox 239 579 1232 642; baseline 0 0"><span class='ocrx_word' id='word_1_19' title='bbox 239 583 485 642; x_wconf 82' lang='lat' dir='ltr'>ducitur</span> <span class='ocrx_word' id='word_1_20' title='bbox 531 588 592 642; x_wconf 88' lang='lat' dir='ltr'>et</span> <span class='ocrx_word' id='word_1_21' title='bbox 636 579 784 640; x_wconf 90' lang='lat' dir='ltr'>solio</span> <span class='ocrx_word' id='word_1_22' title='bbox 830 579 934 640; x_wconf 90' lang='lat' dir='ltr'>diu</span> <span class='ocrx_word' id='word_1_23' title='bbox 979 581 1232 642; x_wconf 87' lang='lat' dir='ltr'>fovetur.</span> 
     </span>
    </p>

    <p class='ocr_par' dir='ltr' id='par_1_3' title="bbox 418 668 2375 749">
     <span class='ocr_line' id='line_1_5' title="bbox 418 668 2375 749; baseline 0.002 -20"><span class='ocrx_word' id='word_1_24' title='bbox 418 670 591 731; x_wconf 87' lang='lat' dir='ltr'>Aeris</span> <span class='ocrx_word' id='word_1_25' title='bbox 627 669 837 729; x_wconf 88' lang='lat' dir='ltr'>florem</span> <span class='ocrx_word' id='word_1_26' title='bbox 873 671 1082 730; x_wconf 89' lang='lat' dir='ltr'>tritum</span> <span class='ocrx_word' id='word_1_27' title='bbox 1120 668 1272 731; x_wconf 92' lang='lat' dir='ltr'>bene</span> <span class='ocrx_word' id='word_1_28' title='bbox 1311 688 1449 731; x_wconf 91' lang='lat' dir='ltr'>cum</span> <span class='ocrx_word' id='word_1_29' title='bbox 1487 672 1681 749; x_wconf 88' lang='lat' dir='ltr'>sinapi</span> <span class='ocrx_word' id='word_1_30' title='bbox 1721 680 1822 732; x_wconf 89' lang='lat' dir='ltr'>aut</span> <span class='ocrx_word' id='word_1_31' title='bbox 1860 675 2039 734; x_wconf 90' lang='lat' dir='ltr'>etiam</span> <span class='ocrx_word' id='word_1_32' title='bbox 2078 673 2269 735; x_wconf 87' lang='lat' dir='ltr'>solum</span> <span class='ocrx_word' id='word_1_33' title='bbox 2311 683 2375 733; x_wconf 80' lang='lat'>1⁷</span> 
     </span>
    </p>

    <p class='ocr_par' dir='ltr' id='par_1_4' title="bbox 183 758 2271 1197">
     <span class='ocr_line' id='line_1_6' title="bbox 183 758 2271 845; baseline 0.002 -26"><span class='ocrx_word' id='word_1_34' title='bbox 183 775 212 818; x_wconf 78' lang='lat'>5</span> <span class='ocrx_word' id='word_1_35' title='bbox 240 760 446 819; x_wconf 88' lang='lat' dir='ltr'>mittes</span> <span class='ocrx_word' id='word_1_36' title='bbox 491 760 554 818; x_wconf 91' lang='lat' dir='ltr'>in</span> <span class='ocrx_word' id='word_1_37' title='bbox 601 764 835 819; x_wconf 89' lang='lat' dir='ltr'>acetum</span> <span class='ocrx_word' id='word_1_38' title='bbox 884 758 1178 837; x_wconf 89' lang='lat' dir='ltr'>simulque</span> <span class='ocrx_word' id='word_1_39' title='bbox 1225 760 1290 819; x_wconf 91' lang='lat' dir='ltr'>in</span> <span class='ocrx_word' id='word_1_40' title='bbox 1335 759 1645 821; x_wconf 89' lang='lat' dir='ltr'>bucculari</span> <span class='ocrx_word' id='word_1_41' title='bbox 1691 760 1989 840; x_wconf 86' lang='lat' dir='ltr'>decoques</span> <span class='ocrx_word' id='word_1_42' title='bbox 2034 765 2143 845; x_wconf 90' lang='lat' dir='ltr'>ita,</span> <span class='ocrx_word' id='word_1_43' title='bbox 2204 772 2271 825; x_wconf 90' lang='lat' dir='ltr'>ut</span> 
     </span>
     <span class='ocr_line' id='line_1_7' title="bbox 242 845 2269 929; baseline 0.001 -21"><span class='ocrx_word' id='word_1_44' title='bbox 242 846 606 926; x_wconf 84' lang='lat' dir='ltr'>aliquamdiu</span> <span class='ocrx_word' id='word_1_45' title='bbox 668 846 792 907; x_wconf 89' lang='lat' dir='ltr'>illic</span> <span class='ocrx_word' id='word_1_46' title='bbox 856 845 1107 908; x_wconf 88' lang='lat' dir='ltr'>bulliant</span> <span class='ocrx_word' id='word_1_47' title='bbox 1173 858 1234 909; x_wconf 90' lang='lat' dir='ltr'>et</span> <span class='ocrx_word' id='word_1_48' title='bbox 1298 847 1369 908; x_wconf 89' lang='lat' dir='ltr'>ad</span> <span class='ocrx_word' id='word_1_49' title='bbox 1435 848 1884 909; x_wconf 87' lang='lat' dir='ltr'>similitudinem</span> <span class='ocrx_word' id='word_1_50' title='bbox 1947 850 2269 929; x_wconf 82' lang='lat' dir='ltr'>pulticulae</span> 
     </span>
     <span class='ocr_line' id='line_1_8' title="bbox 245 935 2268 1017; baseline 0.002 -21"><span class='ocrx_word' id='word_1_51' title='bbox 245 938 606 1017; x_wconf 81' lang='lat' dir='ltr'>spissentur3</span> <span class='ocrx_word' id='word_1_52' title='bbox 661 943 867 1014; x_wconf 86' lang='lat' dir='ltr'>postea</span> <span class='ocrx_word' id='word_1_53' title='bbox 924 938 985 996; x_wconf 89' lang='lat' dir='ltr'>in</span> <span class='ocrx_word' id='word_1_54' title='bbox 1040 938 1344 997; x_wconf 84' lang='lat' dir='ltr'>vaccinam</span> <span class='ocrx_word' id='word_1_55' title='bbox 1393 938 1679 998; x_wconf 88' lang='lat' dir='ltr'>vessicam</span> <span class='ocrx_word' id='word_1_56' title='bbox 1729 935 1917 998; x_wconf 90' lang='lat' dir='ltr'>calida</span> <span class='ocrx_word' id='word_1_57' title='bbox 1964 956 2034 998; x_wconf 90' lang='lat' dir='ltr'>ea</span> <span class='ocrx_word' id='word_1_58' title='bbox 2080 948 2268 1000; x_wconf 90' lang='lat' dir='ltr'>trans·</span> 
     </span>
     <span class='ocr_line' id='line_1_9' title="bbox 242 1022 2269 1109; baseline 0.002 -25"><span class='ocrx_word' id='word_1_59' title='bbox 242 1025 402 1085; x_wconf 84' lang='lat' dir='ltr'>seres</span> <span class='ocrx_word' id='word_1_60' title='bbox 446 1026 543 1106; x_wconf 89' lang='lat' dir='ltr'>ita,</span> <span class='ocrx_word' id='word_1_61' title='bbox 592 1033 660 1086; x_wconf 91' lang='lat' dir='ltr'>ut</span> <span class='ocrx_word' id='word_1_62' title='bbox 706 1022 940 1084; x_wconf 91' lang='lat' dir='ltr'>duobus</span> <span class='ocrx_word' id='word_1_63' title='bbox 987 1024 1188 1104; x_wconf 82' lang='lat' dir='ltr'>digitis</span> <span class='ocrx_word' id='word_1_64' title='bbox 1233 1024 1454 1105; x_wconf 91' lang='lat' dir='ltr'>liquori</span> <span class='ocrx_word' id='word_1_65' title='bbox 1490 1025 1631 1086; x_wconf 82' lang='lat' dir='ltr'>huic</span> <span class='ocrx_word' id='word_1_66' title='bbox 1673 1028 1900 1087; x_wconf 83' lang='lat' dir='ltr'>vessica</span> <span class='ocrx_word' id='word_1_67' title='bbox 1937 1029 2126 1088; x_wconf 90' lang='lat' dir='ltr'>maior</span> <span class='ocrx_word' id='word_1_68' title='bbox 2164 1030 2269 1109; x_wconf 82' lang='lat' dir='ltr'>sit3</span> 
     </span>
     <span class='ocr_line' id='line_1_10' title="bbox 239 1111 2268 1197; baseline 0.002 -24"><span class='ocrx_word' id='word_1_69' title='bbox 239 1121 370 1174; x_wconf 90' lang='lat' dir='ltr'>tum</span> <span class='ocrx_word' id='word_1_70' title='bbox 407 1111 599 1193; x_wconf 90' lang='lat' dir='ltr'>spleni</span> <span class='ocrx_word' id='word_1_71' title='bbox 638 1115 782 1173; x_wconf 88' lang='lat' dir='ltr'>satis</span> <span class='ocrx_word' id='word_1_72' title='bbox 820 1112 1074 1174; x_wconf 87' lang='lat' dir='ltr'>calidum</span> <span class='ocrx_word' id='word_1_73' title='bbox 1113 1114 1479 1176; x_wconf 89' lang='lat' dir='ltr'>medicamen</span> <span class='ocrx_word' id='word_1_74' title='bbox 1514 1114 1792 1196; x_wconf 80' lang='lat' dir='ltr'>adponeS,</span> <span class='ocrx_word' id='word_1_75' title='bbox 1831 1114 2042 1194; x_wconf 82' lang='lat' dir='ltr'>ligabis</span> <span class='ocrx_word' id='word_1_76' title='bbox 2071 1116 2268 1197; x_wconf 83' lang='lat' dir='ltr'>fascia,</span> 
     </span>
    </p>

    <p class='ocr_par' dir='ltr' id='par_1_5' title="bbox 160 1200 1886 1281">
     <span class='ocr_line' id='line_1_11' title="bbox 160 1200 1886 1281; baseline 0.003 -21"><span class='ocrx_word' id='word_1_77' title='bbox 160 1219 215 1260; x_wconf 87' lang='lat'>10</span> <span class='ocrx_word' id='word_1_78' title='bbox 243 1205 417 1262; x_wconf 85' lang='lat' dir='ltr'>tertia</span> <span class='ocrx_word' id='word_1_79' title='bbox 465 1202 559 1262; x_wconf 91' lang='lat' dir='ltr'>die</span> <span class='ocrx_word' id='word_1_80' title='bbox 606 1200 815 1280; x_wconf 80' lang='lat' dir='ltr'>solveS,</span> <span class='ocrx_word' id='word_1_81' title='bbox 862 1201 1121 1263; x_wconf 84' lang='lat' dir='ltr'>mirabili</span> <span class='ocrx_word' id='word_1_82' title='bbox 1166 1203 1558 1281; x_wconf 83' lang='lat' dir='ltr'>gratulaberis</span> <span class='ocrx_word' id='word_1_83' title='bbox 1604 1204 1886 1265; x_wconf 87' lang='lat' dir='ltr'>remedio.</span> 
     </span>
    </p>

    <p class='ocr_par' dir='ltr' id='par_1_6' title="bbox 238 1291 2373 1635">
     <span class='ocr_line' id='line_1_12' title="bbox 417 1291 2373 1374; baseline -0.001 -23"><span class='ocrx_word' id='word_1_84' title='bbox 417 1291 657 1351; x_wconf 87' lang='lat' dir='ltr'>Guttam</span> <span class='ocrx_word' id='word_1_85' title='bbox 695 1293 1044 1351; x_wconf 89' lang='lat' dir='ltr'>ammoniaci</span> <span class='ocrx_word' id='word_1_86' title='bbox 1080 1294 1142 1351; x_wconf 91' lang='lat' dir='ltr'>in</span> <span class='ocrx_word' id='word_1_87' title='bbox 1172 1300 1405 1353; x_wconf 87' lang='lat' dir='ltr'>acetum</span> <span class='ocrx_word' id='word_1_88' title='bbox 1436 1292 1775 1354; x_wconf 85' lang='lat' dir='ltr'>scilliticum</span> <span class='ocrx_word' id='word_1_89' title='bbox 1802 1293 2100 1374; x_wconf 78' lang='lat' dir='ltr'>infundes,</span> <span class='ocrx_word' id='word_1_90' title='bbox 2129 1301 2266 1372; x_wconf 91' lang='lat' dir='ltr'>post</span> <span class='ocrx_word' id='word_1_91' title='bbox 2306 1301 2373 1350; x_wconf 90' lang='lat'>18</span> 
     </span>
     <span class='ocr_line' id='line_1_13' title="bbox 238 1379 2266 1462; baseline 0.001 -22"><span class='ocrx_word' id='word_1_92' title='bbox 238 1379 486 1441; x_wconf 87' lang='lat' dir='ltr'>biduum</span> <span class='ocrx_word' id='word_1_93' title='bbox 543 1381 625 1439; x_wconf 88' lang='lat' dir='ltr'>ita</span> <span class='ocrx_word' id='word_1_94' title='bbox 681 1387 868 1459; x_wconf 59' lang='lat' dir='ltr'>teres»,</span> <span class='ocrx_word' id='word_1_95' title='bbox 923 1388 992 1439; x_wconf 90' lang='lat' dir='ltr'>ut</span> <span class='ocrx_word' id='word_1_96' title='bbox 1045 1382 1107 1439; x_wconf 91' lang='lat' dir='ltr'>in</span> <span class='ocrx_word' id='word_1_97' title='bbox 1160 1398 1358 1459; x_wconf 92' lang='lat' dir='ltr'>panno</span> <span class='ocrx_word' id='word_1_98' title='bbox 1415 1383 1604 1459; x_wconf 88' lang='lat' dir='ltr'>possit</span> <span class='ocrx_word' id='word_1_99' title='bbox 1657 1382 1888 1462; x_wconf 91' lang='lat' dir='ltr'>induci,</span> <span class='ocrx_word' id='word_1_100' title='bbox 1946 1401 2062 1460; x_wconf 90' lang='lat' dir='ltr'>quo</span> <span class='ocrx_word' id='word_1_101' title='bbox 2110 1383 2266 1443; x_wconf 83' lang='lat' dir='ltr'>facto</span> 
     </span>
     <span class='ocr_line' id='line_1_14' title="bbox 239 1467 2267 1551; baseline 0.001 -23"><span class='ocrx_word' id='word_1_102' title='bbox 239 1467 433 1547; x_wconf 90' lang='lat' dir='ltr'>spleni</span> <span class='ocrx_word' id='word_1_103' title='bbox 469 1468 729 1548; x_wconf 89' lang='lat' dir='ltr'>adpones</span> <span class='ocrx_word' id='word_1_104' title='bbox 772 1475 832 1528; x_wconf 88' lang='lat' dir='ltr'>et</span> <span class='ocrx_word' id='word_1_105' title='bbox 867 1467 1060 1528; x_wconf 84' lang='lat' dir='ltr'>fascea</span> <span class='ocrx_word' id='word_1_106' title='bbox 1098 1467 1415 1546; x_wconf 87' lang='lat' dir='ltr'>diligenter</span> <span class='ocrx_word' id='word_1_107' title='bbox 1453 1468 1661 1548; x_wconf 86' lang='lat' dir='ltr'>ligabis</span> <span class='ocrx_word' id='word_1_108' title='bbox 1691 1477 1752 1530; x_wconf 92' lang='lat' dir='ltr'>et</span> <span class='ocrx_word' id='word_1_109' title='bbox 1780 1472 1967 1530; x_wconf 91' lang='lat' dir='ltr'>uteris</span> <span class='ocrx_word' id='word_1_110' title='bbox 1996 1478 2118 1530; x_wconf 89' lang='lat' dir='ltr'>tam</span> <span class='ocrx_word' id='word_1_111' title='bbox 2146 1470 2267 1551; x_wconf 91' lang='lat' dir='ltr'>diu,</span> 
     </span>
     <span class='ocr_line' id='line_1_15' title="bbox 238 1556 2140 1635; baseline 0.001 -18"><span class='ocrx_word' id='word_1_112' title='bbox 238 1558 429 1619; x_wconf 89' lang='lat' dir='ltr'>donec</span> <span class='ocrx_word' id='word_1_113' title='bbox 474 1575 584 1635; x_wconf 91' lang='lat' dir='ltr'>per</span> <span class='ocrx_word' id='word_1_114' title='bbox 630 1574 694 1616; x_wconf 90' lang='lat' dir='ltr'>se</span> <span class='ocrx_word' id='word_1_115' title='bbox 741 1565 1124 1617; x_wconf 87' lang='lat' dir='ltr'>consumatur</span> <span class='ocrx_word' id='word_1_116' title='bbox 1171 1564 1231 1617; x_wconf 87' lang='lat' dir='ltr'>et</span> <span class='ocrx_word' id='word_1_117' title='bbox 1276 1559 1406 1617; x_wconf 90' lang='lat' dir='ltr'>sine</span> <span class='ocrx_word' id='word_1_118' title='bbox 1452 1556 1665 1619; x_wconf 89' lang='lat' dir='ltr'>balneo</span> <span class='ocrx_word' id='word_1_119' title='bbox 1713 1556 2140 1635; x_wconf 85' lang='lat' dir='ltr'>abstergeatur.</span> 
     </span>
    </p>

    <p class='ocr_par' dir='ltr' id='par_1_7' title="bbox 155 1643 2371 2081">
     <span class='ocr_line' id='line_1_16' title="bbox 155 1643 2371 1723; baseline -0 -19"><span class='ocrx_word' id='word_1_120' title='bbox 155 1664 211 1706; x_wconf 67' lang='grc' dir='ltr'>ιε</span> <span class='ocrx_word' id='word_1_121' title='bbox 416 1645 505 1705; x_wconf 90' lang='lat' dir='ltr'>Ad</span> <span class='ocrx_word' id='word_1_122' title='bbox 543 1644 766 1723; x_wconf 89' lang='lat' dir='ltr'>splenis</span> <span class='ocrx_word' id='word_1_123' title='bbox 804 1643 1068 1705; x_wconf 90' lang='lat' dir='ltr'>dolorem</span> <span class='ocrx_word' id='word_1_124' title='bbox 1103 1646 1586 1723; x_wconf 85' lang='lat' dir='ltr'>expertissimum</span> <span class='ocrx_word' id='word_1_125' title='bbox 1614 1645 1945 1706; x_wconf 89' lang='lat' dir='ltr'>remedium</span> <span class='ocrx_word' id='word_1_126' title='bbox 1974 1648 2088 1707; x_wconf 91' lang='lat' dir='ltr'>sic:</span> <span class='ocrx_word' id='word_1_127' title='bbox 2127 1645 2263 1706; x_wconf 90' lang='lat' dir='ltr'>Car·</span> <span class='ocrx_word' id='word_1_128' title='bbox 2307 1654 2371 1703; x_wconf 87' lang='grc'>19</span> 
     </span>
     <span class='ocr_line' id='line_1_17' title="bbox 238 1733 2269 1815; baseline 0 -21"><span class='ocrx_word' id='word_1_129' title='bbox 238 1734 515 1815; x_wconf 90' lang='lat' dir='ltr'>damomi,</span> <span class='ocrx_word' id='word_1_130' title='bbox 550 1733 840 1814; x_wconf 81' lang='lat' dir='ltr'>pyrethri,</span> <span class='ocrx_word' id='word_1_131' title='bbox 875 1735 1116 1813; x_wconf 83' lang='lat' dir='ltr'>sinapiS,</span> <span class='ocrx_word' id='word_1_132' title='bbox 1153 1735 1310 1794; x_wconf 89' lang='lat' dir='ltr'>turis</span> <span class='ocrx_word' id='word_1_133' title='bbox 1343 1734 1609 1815; x_wconf 90' lang='lat' dir='ltr'>masculi,</span> <span class='ocrx_word' id='word_1_134' title='bbox 1639 1735 1972 1813; x_wconf 86' lang='lat' dir='ltr'>aphronitri</span> <span class='ocrx_word' id='word_1_135' title='bbox 2001 1734 2269 1814; x_wconf 89' lang='lat' dir='ltr'>aequalia</span> 
     </span>
     <span class='ocr_line' id='line_1_18' title="bbox 236 1821 2265 1903; baseline -0.001 -19"><span class='ocrx_word' id='word_1_136' title='bbox 236 1823 502 1903; x_wconf 87' lang='lat' dir='ltr'>pondera</span> <span class='ocrx_word' id='word_1_137' title='bbox 540 1822 613 1882; x_wconf 91' lang='lat' dir='ltr'>de</span> <span class='ocrx_word' id='word_1_138' title='bbox 652 1821 903 1899; x_wconf 90' lang='lat' dir='ltr'>singulis</span> <span class='ocrx_word' id='word_1_139' title='bbox 941 1821 1257 1901; x_wconf 89' lang='lat' dir='ltr'>speciebus</span> <span class='ocrx_word' id='word_1_140' title='bbox 1296 1824 1629 1884; x_wconf 88' lang='lat' dir='ltr'>contundes</span> <span class='ocrx_word' id='word_1_141' title='bbox 1667 1834 1727 1883; x_wconf 89' lang='lat' dir='ltr'>et</span> <span class='ocrx_word' id='word_1_142' title='bbox 1756 1840 1979 1902; x_wconf 89' lang='lat' dir='ltr'>coques</span> <span class='ocrx_word' id='word_1_143' title='bbox 2008 1826 2067 1884; x_wconf 90' lang='lat' dir='ltr'>in</span> <span class='ocrx_word' id='word_1_144' title='bbox 2098 1831 2265 1884; x_wconf 89' lang='lat' dir='ltr'>aceto</span> 
     </span>
     <span class='ocr_line' id='line_1_19' title="bbox 237 1910 2265 1994; baseline 0 -22"><span class='ocrx_word' id='word_1_145' title='bbox 237 1912 510 1973; x_wconf 88' lang='lat' dir='ltr'>scillitico</span> <span class='ocrx_word' id='word_1_146' title='bbox 540 1920 601 1972; x_wconf 87' lang='lat' dir='ltr'>et</span> <span class='ocrx_word' id='word_1_147' title='bbox 627 1914 690 1971; x_wconf 90' lang='lat' dir='ltr'>in</span> <span class='ocrx_word' id='word_1_148' title='bbox 719 1930 905 1972; x_wconf 90' lang='lat' dir='ltr'>unum</span> <span class='ocrx_word' id='word_1_149' title='bbox 935 1911 1215 1972; x_wconf 90' lang='lat' dir='ltr'>miscebis</span> <span class='ocrx_word' id='word_1_150' title='bbox 1251 1910 1589 1994; x_wconf 89' lang='lat' dir='ltr'>locumque,</span> <span class='ocrx_word' id='word_1_151' title='bbox 1626 1915 1724 1973; x_wconf 92' lang='lat' dir='ltr'>cui</span> <span class='ocrx_word' id='word_1_152' title='bbox 1762 1911 2130 1972; x_wconf 90' lang='lat' dir='ltr'>medicamen</span> <span class='ocrx_word' id='word_1_153' title='bbox 2168 1912 2265 1972; x_wconf 91' lang='lat' dir='ltr'>ad-</span> 
     </span>
     <span class='ocr_line' id='line_1_20' title="bbox 236 2000 2265 2081; baseline 0 -21"><span class='ocrx_word' id='word_1_154' title='bbox 236 2019 444 2081; x_wconf 88' lang='lat' dir='ltr'>pones,</span> <span class='ocrx_word' id='word_1_155' title='bbox 472 2001 845 2079; x_wconf 83' lang='lat' dir='ltr'>frequentius</span> <span class='ocrx_word' id='word_1_156' title='bbox 875 2000 1214 2079; x_wconf 87' lang='lat' dir='ltr'>detergebis</span> <span class='ocrx_word' id='word_1_157' title='bbox 1243 2008 1304 2061; x_wconf 91' lang='lat' dir='ltr'>et</span> <span class='ocrx_word' id='word_1_158' title='bbox 1322 2001 1658 2080; x_wconf 88' lang='lat' dir='ltr'>adpositum</span> <span class='ocrx_word' id='word_1_159' title='bbox 1679 2017 1851 2060; x_wconf 87' lang='lat' dir='ltr'>mane</span> <span class='ocrx_word' id='word_1_160' title='bbox 1873 2000 2265 2061; x_wconf 90' lang='lat' dir='ltr'>medicamen·</span> 
     </span>
    </p>

    <p class='ocr_par' dir='ltr' id='par_1_8' title="bbox 154 2088 2265 2258">
     <span class='ocr_line' id='line_1_21' title="bbox 154 2088 2265 2171; baseline 0 -22"><span class='ocrx_word' id='word_1_161' title='bbox 154 2109 207 2149; x_wconf 80' lang='lat' dir='ltr'>so</span> <span class='ocrx_word' id='word_1_162' title='bbox 237 2099 366 2150; x_wconf 84' lang='lat' dir='ltr'>tum</span> <span class='ocrx_word' id='word_1_163' title='bbox 394 2092 458 2150; x_wconf 91' lang='lat' dir='ltr'>in</span> <span class='ocrx_word' id='word_1_164' title='bbox 483 2089 691 2150; x_wconf 89' lang='lat' dir='ltr'>horam</span> <span class='ocrx_word' id='word_1_165' title='bbox 721 2090 1033 2168; x_wconf 90' lang='lat' dir='ltr'>septimam</span> <span class='ocrx_word' id='word_1_166' title='bbox 1064 2107 1196 2150; x_wconf 91' lang='lat' dir='ltr'>esse</span> <span class='ocrx_word' id='word_1_167' title='bbox 1226 2091 1499 2171; x_wconf 82' lang='lat' dir='ltr'>patieris3</span> <span class='ocrx_word' id='word_1_168' title='bbox 1527 2099 1734 2169; x_wconf 89' lang='lat' dir='ltr'>postea</span> <span class='ocrx_word' id='word_1_169' title='bbox 1764 2107 1920 2168; x_wconf 91' lang='lat' dir='ltr'>eum,</span> <span class='ocrx_word' id='word_1_170' title='bbox 1950 2090 2051 2149; x_wconf 91' lang='lat' dir='ltr'>cui</span> <span class='ocrx_word' id='word_1_171' title='bbox 2071 2088 2265 2150; x_wconf 90' lang='lat' dir='ltr'>mede·</span> 
     </span>
     <span class='ocr_line' id='line_1_22' title="bbox 236 2177 2263 2258; baseline 0 -20"><span class='ocrx_word' id='word_1_172' title='bbox 236 2178 400 2252; x_wconf 89' lang='lat' dir='ltr'>bere,</span> <span class='ocrx_word' id='word_1_173' title='bbox 420 2178 492 2238; x_wconf 89' lang='lat' dir='ltr'>ad</span> <span class='ocrx_word' id='word_1_174' title='bbox 513 2177 775 2239; x_wconf 89' lang='lat' dir='ltr'>balineas</span> <span class='ocrx_word' id='word_1_175' title='bbox 793 2179 881 2238; x_wconf 89' lang='lat' dir='ltr'>ire</span> <span class='ocrx_word' id='word_1_176' title='bbox 902 2180 1234 2258; x_wconf 88' lang='lat' dir='ltr'>praecipies</span> <span class='ocrx_word' id='word_1_177' title='bbox 1250 2186 1427 2258; x_wconf 90' lang='lat' dir='ltr'>atque</span> <span class='ocrx_word' id='word_1_178' title='bbox 1449 2181 1512 2239; x_wconf 89' lang='lat' dir='ltr'>in</span> <span class='ocrx_word' id='word_1_179' title='bbox 1532 2177 1719 2239; x_wconf 90' lang='lat' dir='ltr'>calida</span> <span class='ocrx_word' id='word_1_180' title='bbox 1739 2177 1843 2238; x_wconf 90' lang='lat' dir='ltr'>diu</span> <span class='ocrx_word' id='word_1_181' title='bbox 1860 2178 2046 2239; x_wconf 83' lang='lat' dir='ltr'>foveri</span> <span class='ocrx_word' id='word_1_182' title='bbox 2066 2178 2263 2239; x_wconf 71' lang='lat' dir='ltr'>facies</span> 
     </span>
    </p>

    <p class='ocr_par' dir='ltr' id='par_1_9' title="bbox 238 2265 2372 2524">
     <span class='ocr_line' id='line_1_23' title="bbox 415 2265 2372 2347; baseline -0.003 -20"><span class='ocrx_word' id='word_1_183' title='bbox 415 2266 504 2327; x_wconf 83' lang='lat' dir='ltr'>Ad</span> <span class='ocrx_word' id='word_1_184' title='bbox 543 2265 809 2346; x_wconf 89' lang='lat' dir='ltr'>splenem</span> <span class='ocrx_word' id='word_1_185' title='bbox 847 2266 1177 2328; x_wconf 87' lang='lat' dir='ltr'>remedium</span> <span class='ocrx_word' id='word_1_186' title='bbox 1214 2269 1434 2328; x_wconf 90' lang='lat' dir='ltr'>mirum</span> <span class='ocrx_word' id='word_1_187' title='bbox 1472 2269 1584 2329; x_wconf 88' lang='lat' dir='ltr'>sic:</span> <span class='ocrx_word' id='word_1_188' title='bbox 1631 2267 1791 2328; x_wconf 89' lang='lat' dir='ltr'>Picis</span> <span class='ocrx_word' id='word_1_189' title='bbox 1829 2266 2013 2328; x_wconf 88' lang='lat' dir='ltr'>durae</span> <span class='ocrx_word' id='word_1_190' title='bbox 2042 2269 2263 2347; x_wconf 86' lang='lat' dir='ltr'>optime</span> <span class='ocrx_word' id='word_1_191' title='bbox 2302 2274 2372 2323; x_wconf 85' lang='lat'>20</span> 
     </span>
     <span class='ocr_line' id='line_1_24' title="bbox 239 2355 2265 2435; baseline -0.001 -18"><span class='ocrx_word' id='word_1_192' title='bbox 239 2358 415 2417; x_wconf 86' lang='lat' dir='ltr'>tritae</span> <span class='ocrx_word' id='word_1_193' title='bbox 468 2389 541 2399; x_wconf 90' lang='lat'><strong>—</strong></span> <span class='ocrx_word' id='word_1_194' title='bbox 584 2355 610 2415; x_wconf 94' lang='lat' dir='ltr'>I</span> <span class='ocrx_word' id='word_1_195' title='bbox 657 2364 717 2416; x_wconf 92' lang='lat' dir='ltr'>et</span> <span class='ocrx_word' id='word_1_196' title='bbox 762 2357 914 2416; x_wconf 86' lang='lat' dir='ltr'>costi</span> <span class='ocrx_word' id='word_1_197' title='bbox 959 2358 1086 2417; x_wconf 88' lang='lat' dir='ltr'>triti</span> <span class='ocrx_word' id='word_1_198' title='bbox 1141 2388 1213 2398; x_wconf 94' lang='lat'><em>-</em></span> <span class='ocrx_word' id='word_1_199' title='bbox 1256 2355 1311 2416; x_wconf 90' lang='lat'>11</span> <span class='ocrx_word' id='word_1_200' title='bbox 1364 2355 1756 2435; x_wconf 87' lang='lat' dir='ltr'>permiscebis</span> <span class='ocrx_word' id='word_1_201' title='bbox 1802 2363 1864 2416; x_wconf 85' lang='lat' dir='ltr'>et</span> <span class='ocrx_word' id='word_1_202' title='bbox 1908 2374 1981 2416; x_wconf 86' lang='lat' dir='ltr'>ex</span> <span class='ocrx_word' id='word_1_203' title='bbox 2027 2375 2099 2416; x_wconf 88' lang='lat' dir='ltr'>eo</span> <span class='ocrx_word' id='word_1_204' title='bbox 2146 2358 2265 2416; x_wconf 89' lang='lat' dir='ltr'>sin-</span> 
     </span>
     <span class='ocr_line' id='line_1_25' title="bbox 238 2443 2265 2524; baseline 0 -20"><span class='ocrx_word' id='word_1_205' title='bbox 238 2443 407 2523; x_wconf 90' lang='lat' dir='ltr'>gulas</span> <span class='ocrx_word' id='word_1_206' title='bbox 460 2447 735 2524; x_wconf 89' lang='lat' dir='ltr'>potiones</span> <span class='ocrx_word' id='word_1_207' title='bbox 792 2462 864 2504; x_wconf 85' lang='lat' dir='ltr'>ex</span> <span class='ocrx_word' id='word_1_208' title='bbox 923 2447 1054 2504; x_wconf 87' lang='lat' dir='ltr'>vino</span> <span class='ocrx_word' id='word_1_209' title='bbox 1111 2453 1313 2505; x_wconf 84' lang='lat' dir='ltr'>vetere</span> <span class='ocrx_word' id='word_1_210' title='bbox 1368 2463 1540 2506; x_wconf 88' lang='lat' dir='ltr'>mane</span> <span class='ocrx_word' id='word_1_211' title='bbox 1594 2447 1796 2505; x_wconf 89' lang='lat' dir='ltr'>ieiuno</span> <span class='ocrx_word' id='word_1_212' title='bbox 1843 2462 1952 2523; x_wconf 89' lang='lat' dir='ltr'>per</span> <span class='ocrx_word' id='word_1_213' title='bbox 1996 2444 2265 2505; x_wconf 89' lang='lat' dir='ltr'>triduum</span> 
     </span>
    </p>

    <p class='ocr_par' dir='ltr' id='par_1_10' title="bbox 154 2531 2111 2613">
     <span class='ocr_line' id='line_1_26' title="bbox 154 2531 2111 2613; baseline -0.001 -19"><span class='ocrx_word' id='word_1_214' title='bbox 154 2553 208 2594; x_wconf 75' lang='lat'>25</span> <span class='ocrx_word' id='word_1_215' title='bbox 238 2532 426 2613; x_wconf 84' lang='lat' dir='ltr'>dabis,</span> <span class='ocrx_word' id='word_1_216' title='bbox 469 2535 554 2594; x_wconf 90' lang='lat' dir='ltr'>ita</span> <span class='ocrx_word' id='word_1_217' title='bbox 597 2540 666 2593; x_wconf 87' lang='lat' dir='ltr'>ut</span> <span class='ocrx_word' id='word_1_218' title='bbox 711 2534 773 2591; x_wconf 90' lang='lat' dir='ltr'>in</span> <span class='ocrx_word' id='word_1_219' title='bbox 822 2534 1065 2592; x_wconf 90' lang='lat' dir='ltr'>sinistro</span> <span class='ocrx_word' id='word_1_220' title='bbox 1112 2532 1296 2593; x_wconf 89' lang='lat' dir='ltr'>latere</span> <span class='ocrx_word' id='word_1_221' title='bbox 1344 2535 1449 2612; x_wconf 90' lang='lat' dir='ltr'>qui</span> <span class='ocrx_word' id='word_1_222' title='bbox 1492 2535 1710 2613; x_wconf 85' lang='lat' dir='ltr'>accipit</span> <span class='ocrx_word' id='word_1_223' title='bbox 1754 2531 1858 2593; x_wconf 92' lang='lat' dir='ltr'>diu</span> <span class='ocrx_word' id='word_1_224' title='bbox 1904 2534 2111 2593; x_wconf 85' lang='lat' dir='ltr'>iaceat.</span> 
     </span>
    </p>

    <p class='ocr_par' dir='ltr' id='par_1_11' title="bbox 237 2620 2371 2968">
     <span class='ocr_line' id='line_1_27' title="bbox 417 2620 2371 2702; baseline -0.003 -21"><span class='ocrx_word' id='word_1_225' title='bbox 417 2621 505 2682; x_wconf 86' lang='lat' dir='ltr'>Ad</span> <span class='ocrx_word' id='word_1_226' title='bbox 555 2620 778 2700; x_wconf 93' lang='lat' dir='ltr'>splenis</span> <span class='ocrx_word' id='word_1_227' title='bbox 825 2620 1090 2681; x_wconf 91' lang='lat' dir='ltr'>dolorem</span> <span class='ocrx_word' id='word_1_228' title='bbox 1136 2621 1469 2682; x_wconf 89' lang='lat' dir='ltr'>remedium</span> <span class='ocrx_word' id='word_1_229' title='bbox 1514 2623 1723 2682; x_wconf 82' lang='lat' dir='ltr'>efficax</span> <span class='ocrx_word' id='word_1_230' title='bbox 1770 2624 1883 2682; x_wconf 87' lang='lat' dir='ltr'>sic:</span> <span class='ocrx_word' id='word_1_231' title='bbox 1929 2620 2140 2702; x_wconf 90' lang='lat' dir='ltr'>Gallas,</span> <span class='ocrx_word' id='word_1_232' title='bbox 2187 2620 2260 2681; x_wconf 93' lang='lat' dir='ltr'>de</span> <span class='ocrx_word' id='word_1_233' title='bbox 2304 2629 2371 2677; x_wconf 85' lang='lat'>21</span> 
     </span>
     <span class='ocr_line' id='line_1_28' title="bbox 240 2709 2267 2791; baseline -0.001 -19"><span class='ocrx_word' id='word_1_234' title='bbox 240 2711 460 2790; x_wconf 89' lang='lat' dir='ltr'>quibus</span> <span class='ocrx_word' id='word_1_235' title='bbox 515 2717 866 2771; x_wconf 88' lang='lat' dir='ltr'>encaustum</span> <span class='ocrx_word' id='word_1_236' title='bbox 920 2709 1014 2791; x_wconf 85' lang='lat' dir='ltr'>fit,</span> <span class='ocrx_word' id='word_1_237' title='bbox 1072 2717 1323 2789; x_wconf 88' lang='lat' dir='ltr'>quantas</span> <span class='ocrx_word' id='word_1_238' title='bbox 1378 2710 1636 2771; x_wconf 84' lang='lat' dir='ltr'>volueris</span> <span class='ocrx_word' id='word_1_239' title='bbox 1690 2728 1845 2789; x_wconf 88' lang='lat' dir='ltr'>pone</span> <span class='ocrx_word' id='word_1_240' title='bbox 1903 2727 2083 2789; x_wconf 88' lang='lat' dir='ltr'>super</span> <span class='ocrx_word' id='word_1_241' title='bbox 2140 2728 2267 2770; x_wconf 88' lang='lat' dir='ltr'>car-</span> 
     </span>
     <span class='ocr_line' id='line_1_29' title="bbox 239 2796 2266 2879; baseline -0.002 -18"><span class='ocrx_word' id='word_1_242' title='bbox 239 2799 427 2861; x_wconf 89' lang='lat' dir='ltr'>bones</span> <span class='ocrx_word' id='word_1_243' title='bbox 472 2801 636 2859; x_wconf 86' lang='lat' dir='ltr'>vivos</span> <span class='ocrx_word' id='word_1_244' title='bbox 683 2805 744 2859; x_wconf 88' lang='lat' dir='ltr'>et</span> <span class='ocrx_word' id='word_1_245' title='bbox 789 2816 1006 2858; x_wconf 84' lang='lat' dir='ltr'>exures</span> <span class='ocrx_word' id='word_1_246' title='bbox 1052 2816 1172 2859; x_wconf 91' lang='lat' dir='ltr'>non</span> <span class='ocrx_word' id='word_1_247' title='bbox 1219 2800 1421 2879; x_wconf 90' lang='lat' dir='ltr'>nimie,</span> <span class='ocrx_word' id='word_1_248' title='bbox 1467 2801 1549 2860; x_wconf 85' lang='lat' dir='ltr'>ita</span> <span class='ocrx_word' id='word_1_249' title='bbox 1596 2806 1661 2859; x_wconf 90' lang='lat' dir='ltr'>ut</span> <span class='ocrx_word' id='word_1_250' title='bbox 1698 2798 2003 2878; x_wconf 85' lang='lat' dir='ltr'>pulverem</span> <span class='ocrx_word' id='word_1_251' title='bbox 2042 2798 2115 2858; x_wconf 91' lang='lat' dir='ltr'>de</span> <span class='ocrx_word' id='word_1_252' title='bbox 2153 2796 2266 2878; x_wconf 91' lang='lat' dir='ltr'>his,</span> 
     </span>
     <span class='ocr_line' id='line_1_30' title="bbox 237 2886 2266 2968; baseline -0.001 -19"><span class='ocrx_word' id='word_1_253' title='bbox 237 2891 302 2949; x_wconf 91' lang='lat' dir='ltr'>in</span> <span class='ocrx_word' id='word_1_254' title='bbox 349 2906 468 2967; x_wconf 91' lang='lat' dir='ltr'>quo</span> <span class='ocrx_word' id='word_1_255' title='bbox 516 2889 594 2948; x_wconf 92' lang='lat' dir='ltr'>sit</span> <span class='ocrx_word' id='word_1_256' title='bbox 640 2887 854 2966; x_wconf 90' lang='lat' dir='ltr'>aliquis</span> <span class='ocrx_word' id='word_1_257' title='bbox 902 2905 1078 2966; x_wconf 89' lang='lat' dir='ltr'>sapor</span> <span class='ocrx_word' id='word_1_258' title='bbox 1123 2886 1437 2967; x_wconf 88' lang='lat' dir='ltr'>gallarum,</span> <span class='ocrx_word' id='word_1_259' title='bbox 1494 2888 1691 2948; x_wconf 83' lang='lat' dir='ltr'>facere</span> <span class='ocrx_word' id='word_1_260' title='bbox 1736 2889 1959 2968; x_wconf 83' lang='lat' dir='ltr'>possis3</span> <span class='ocrx_word' id='word_1_261' title='bbox 1986 2942 1992 2947; x_wconf 87' lang='lat'>.</span> <span class='ocrx_word' id='word_1_262' title='bbox 2017 2886 2091 2947; x_wconf 95' lang='lat' dir='ltr'>de</span> <span class='ocrx_word' id='word_1_263' title='bbox 2148 2904 2266 2964; x_wconf 90' lang='lat' dir='ltr'>quo</span> 
     </span>
    </p>

    <p class='ocr_par' dir='ltr' id='par_1_12' title="bbox 154 2975 2268 3142">
     <span class='ocr_line' id='line_1_31' title="bbox 154 2975 2268 3056; baseline -0.001 -18"><span class='ocrx_word' id='word_1_264' title='bbox 154 2996 208 3038; x_wconf 79' lang='lat' dir='ltr'>so</span> <span class='ocrx_word' id='word_1_265' title='bbox 237 2976 484 3056; x_wconf 89' lang='lat' dir='ltr'>pulvere</span> <span class='ocrx_word' id='word_1_266' title='bbox 541 2977 762 3055; x_wconf 88' lang='lat' dir='ltr'>optime</span> <span class='ocrx_word' id='word_1_267' title='bbox 814 2978 956 3036; x_wconf 85' lang='lat' dir='ltr'>trito</span> <span class='ocrx_word' id='word_1_268' title='bbox 1003 2975 1271 3036; x_wconf 89' lang='lat' dir='ltr'>cocleare</span> <span class='ocrx_word' id='word_1_269' title='bbox 1318 2975 1561 3055; x_wconf 91' lang='lat' dir='ltr'>plenum</span> <span class='ocrx_word' id='word_1_270' title='bbox 1607 2978 1808 3036; x_wconf 88' lang='lat' dir='ltr'>mittes</span> <span class='ocrx_word' id='word_1_271' title='bbox 1853 2977 1916 3036; x_wconf 91' lang='lat' dir='ltr'>in</span> <span class='ocrx_word' id='word_1_272' title='bbox 1962 2976 2268 3053; x_wconf 88' lang='lat' dir='ltr'>potionem</span> 
     </span>
     <span class='ocr_line' id='line_1_32' title="bbox 236 3065 1203 3142; baseline -0.001 -16"><span class='ocrx_word' id='word_1_273' title='bbox 236 3068 361 3126; x_wconf 90' lang='lat' dir='ltr'>vini</span> <span class='ocrx_word' id='word_1_274' title='bbox 406 3065 796 3126; x_wconf 83' lang='lat' dir='ltr'>vetustissimi</span> <span class='ocrx_word' id='word_1_275' title='bbox 840 3072 901 3125; x_wconf 87' lang='lat' dir='ltr'>et</span> <span class='ocrx_word' id='word_1_276' title='bbox 945 3072 1203 3142; x_wconf 86' lang='lat' dir='ltr'>potetur.</span> 
     </span>
    </p>

    <p class='ocr_par' dir='ltr' id='par_1_13' title="bbox 236 3152 2373 3411">
     <span class='ocr_line' id='line_1_33' title="bbox 418 3152 2373 3231; baseline 0 -18"><span class='ocrx_word' id='word_1_277' title='bbox 418 3153 595 3214; x_wconf 90' lang='lat' dir='ltr'>Ebuli</span> <span class='ocrx_word' id='word_1_278' title='bbox 631 3155 869 3214; x_wconf 90' lang='lat' dir='ltr'>contusi</span> <span class='ocrx_word' id='word_1_279' title='bbox 907 3171 1117 3212; x_wconf 88' lang='lat' dir='ltr'>sucum</span> <span class='ocrx_word' id='word_1_280' title='bbox 1157 3152 1446 3213; x_wconf 87' lang='lat' dir='ltr'>coclearia</span> <span class='ocrx_word' id='word_1_281' title='bbox 1485 3154 1599 3213; x_wconf 87' lang='lat' dir='ltr'>tria</span> <span class='ocrx_word' id='word_1_282' title='bbox 1637 3171 1707 3214; x_wconf 85' lang='lat' dir='ltr'>ex</span> <span class='ocrx_word' id='word_1_283' title='bbox 1737 3155 1861 3213; x_wconf 85' lang='lat' dir='ltr'>vini</span> <span class='ocrx_word' id='word_1_284' title='bbox 1889 3155 2108 3214; x_wconf 85' lang='lat' dir='ltr'>veteris</span> <span class='ocrx_word' id='word_1_285' title='bbox 2138 3172 2267 3231; x_wconf 80' lang='lat' dir='ltr'>cya-</span> <span class='ocrx_word' id='word_1_286' title='bbox 2306 3159 2373 3207; x_wconf 81' lang='lat'>22</span> 
     </span>
     <span class='ocr_line' id='line_1_34' title="bbox 236 3239 2270 3319; baseline -0.002 -15"><span class='ocrx_word' id='word_1_287' title='bbox 236 3243 361 3304; x_wconf 86' lang='lat' dir='ltr'>this</span> <span class='ocrx_word' id='word_1_288' title='bbox 397 3240 593 3303; x_wconf 89' lang='lat' dir='ltr'>tribus</span> <span class='ocrx_word' id='word_1_289' title='bbox 630 3260 741 3319; x_wconf 91' lang='lat' dir='ltr'>per</span> <span class='ocrx_word' id='word_1_290' title='bbox 776 3242 1043 3303; x_wconf 90' lang='lat' dir='ltr'>triduum</span> <span class='ocrx_word' id='word_1_291' title='bbox 1082 3240 1155 3301; x_wconf 89' lang='lat' dir='ltr'>da</span> <span class='ocrx_word' id='word_1_292' title='bbox 1184 3242 1412 3302; x_wconf 88' lang='lat' dir='ltr'>lienoso</span> <span class='ocrx_word' id='word_1_293' title='bbox 1441 3241 1783 3318; x_wconf 89' lang='lat' dir='ltr'>bibendum,</span> <span class='ocrx_word' id='word_1_294' title='bbox 1820 3244 1902 3302; x_wconf 88' lang='lat' dir='ltr'>ita</span> <span class='ocrx_word' id='word_1_295' title='bbox 1931 3249 1999 3302; x_wconf 92' lang='lat' dir='ltr'>ut</span> <span class='ocrx_word' id='word_1_296' title='bbox 2027 3239 2270 3301; x_wconf 89' lang='lat' dir='ltr'>ebulum</span> 
     </span>
     <span class='ocr_line' id='line_1_35' title="bbox 241 3331 2269 3411; baseline -0.002 -19"><span class='ocrx_word' id='word_1_297' title='bbox 241 3349 480 3411; x_wconf 87' lang='lat' dir='ltr'>semper</span> <span class='ocrx_word' id='word_1_298' title='bbox 517 3348 724 3391; x_wconf 88' lang='lat' dir='ltr'>secum</span> <span class='ocrx_word' id='word_1_299' title='bbox 759 3331 972 3391; x_wconf 86' lang='lat' dir='ltr'>habeat</span> <span class='ocrx_word' id='word_1_300' title='bbox 1006 3332 1109 3410; x_wconf 90' lang='lat' dir='ltr'>qui</span> <span class='ocrx_word' id='word_1_301' title='bbox 1137 3332 1467 3392; x_wconf 89' lang='lat' dir='ltr'>remedium</span> <span class='ocrx_word' id='word_1_302' title='bbox 1497 3332 1713 3410; x_wconf 88' lang='lat' dir='ltr'>accipit</span> <span class='ocrx_word' id='word_1_303' title='bbox 1741 3349 1852 3390; x_wconf 89' lang='lat' dir='ltr'>nec</span> <span class='ocrx_word' id='word_1_304' title='bbox 1882 3338 2042 3390; x_wconf 87' lang='lat' dir='ltr'>terra</span> <span class='ocrx_word' id='word_1_305' title='bbox 2070 3331 2269 3407; x_wconf 91' lang='lat' dir='ltr'>ipsum</span> 
     </span>
    </p>

    <p class='ocr_par' dir='ltr' id='par_1_14' title="bbox 157 3420 1093 3498">
     <span class='ocr_line' id='line_1_36' title="bbox 157 3420 1093 3498; baseline -0.003 -16"><span class='ocrx_word' id='word_1_306' title='bbox 157 3440 210 3481; x_wconf 72' lang='lat'>35</span> <span class='ocrx_word' id='word_1_307' title='bbox 239 3420 482 3482; x_wconf 91' lang='lat' dir='ltr'>ebulum</span> <span class='ocrx_word' id='word_1_308' title='bbox 531 3420 830 3479; x_wconf 87' lang='lat' dir='ltr'>ferrumve</span> <span class='ocrx_word' id='word_1_309' title='bbox 877 3426 1093 3498; x_wconf 86' lang='lat' dir='ltr'>tangat.</span> 
     </span>
    </p>
   </div>
   <div class='ocr_carea' id='block_1_3' title="bbox 424 3604 1442 3675">
    <p class='ocr_par' dir='ltr' id='par_1_15' title="bbox 424 3604 1442 3675">
     <span class='ocr_line' id='line_1_37' title="bbox 424 3604 1442 3675; baseline -0.004 -14"><span class='ocrx_word' id='word_1_310' title='bbox 424 3612 492 3662; x_wconf 87' lang='grc'>13</span> <span class='ocrx_word' id='word_1_311' title='bbox 528 3606 735 3675; x_wconf 81' lang='lat' dir='ltr'>fascea,</span> <span class='ocrx_word' id='word_1_312' title='bbox 773 3607 854 3662; x_wconf 81' lang='lat' dir='ltr'>sic</span> <span class='ocrx_word' id='word_1_313' title='bbox 888 3607 938 3661; x_wconf 82' lang='lat' dir='ltr'>h.</span> <span class='ocrx_word' id='word_1_314' title='bbox 979 3607 1013 3661; x_wconf 83' lang='grc' dir='ltr'>ἶ.</span> <span class='ocrx_word' id='word_1_315' title='bbox 1057 3604 1377 3663; x_wconf 73' lang='lat' dir='ltr'>GornariuS.</span> <span class='ocrx_word' id='word_1_316' title='bbox 1428 3642 1442 3657; x_wconf 83' lang='lat'><strong>.</strong></span> 
     </span>
    </p>
   </div>
  </div>
 </body>
</html>
