2575 4092
232 670 303 719 128

230 1112 301 1163 69

232 1291 302 1341 60

233 1559 300 1609 61

1114 225 1600 290 -378—

340 389 667 470 saliuncae,
724 390 953 469 cyperi,
1000 387 1387 468 cardamomi,
1436 385 1802 465 singularum
1849 405 2053 447 rerum
2101 387 2371 470 selibraS,

341 478 600 541 euforbii
643 510 733 521 —
769 476 894 558 1111,
941 476 1185 538 adarces
1231 475 1294 537 P.
1332 476 1376 556 1,
1423 478 1654 537 resinae
1701 474 1763 537 P.
1801 474 1899 555 111,
1945 493 2120 537 cerae
2166 475 2371 538 Ponti-

344 586 447 629 cae
493 566 555 629 P.
594 565 662 627 11.
746 565 872 627 Hoc
918 574 1188 627 cerotum
1235 567 1386 626 mire
1432 564 1753 644 podagram
1798 563 1960 625 lenit.

520 653 888 716 vermiculos
944 661 1265 716 terrestres
1320 657 1381 714 in
1440 662 1608 714 aceto
1663 671 1772 732 per
1826 661 2062 714 noctem
2125 671 2369 715 manere

342 743 607 819 curabis,
655 754 722 806 ut
766 762 831 805 se
878 745 1039 804 omni
1085 742 1262 803 sorde
1308 750 1592 823 purgent,
1638 760 1808 802 mane
1855 760 1959 802 eos
2007 741 2264 803 siccabis
2309 751 2370 804 et
2393 762 2416 804 5

342 852 416 894 ex
467 833 564 894 his
633 865 707 876 —
769 831 849 892 IX
912 834 974 892 in
1040 830 1251 892 libram
1307 833 1594 909 axungiae
1649 832 1850 892 mittes
1917 837 1979 891 et
2033 831 2370 892 diutissime

341 930 635 1003 conteres,
684 928 751 983 ut
795 939 981 981 unum
1030 938 1251 999 corpus
1299 920 1540 1000 efficiaS,
1587 927 1648 980 et
1684 937 1792 998 pro
1830 927 2032 980 ceroto
2070 922 2265 981 uteris
2298 921 2369 981 ad

341 1011 634 1072 sedandos
680 1009 901 1089 pedum
946 1008 1273 1088 quamlibet
1320 1008 1598 1069 molestos
1644 1007 1897 1068 dolores.

516 1099 749 1159 Medius
793 1097 943 1176 lapis
989 1097 1139 1158 lacte
1182 1096 1461 1159 muliebri
1498 1096 1721 1158 dilutus
1759 1104 1819 1157 et
1856 1095 2127 1175 pellicula
2165 1097 2371 1177 lupina

341 1188 671 1267 conligatus
716 1194 1108 1267 portatusque
1164 1195 1225 1247 et
1274 1188 1336 1246 in
1383 1187 1684 1264 praesenti
1730 1193 1792 1246 et
1837 1186 2120 1264 deinceps
2164 1188 2232 1246 in
2277 1186 2363 1247 fu-
2388 1206 2434 1246 ιο

341 1286 543 1337 turum
598 1284 835 1354 tempus
890 1274 1209 1354 podagram
1266 1276 1600 1335 certissime
1658 1273 2046 1335 submovebit.
2131 1273 2365 1335 Colum·

339 1365 512 1426 binae
558 1366 774 1443 pinnae
822 1365 1073 1424 maxime
1120 1366 1379 1443 primum
1426 1370 1740 1423 nascentes
1789 1371 1955 1423 ustae
2000 1381 2138 1423 cum
2176 1366 2368 1425 urtica

340 1462 517 1534 atque
562 1454 854 1532 inpositae
901 1452 1196 1531 podagrae
1242 1451 1479 1512 dolores
1525 1450 1737 1512 levant.

518 1541 863 1603 Terrestres
918 1540 1196 1602 lumbrici
1250 1540 1325 1601 ad
1370 1557 1711 1601 mensuram
1759 1539 2050 1601 acetabuli
2104 1541 2168 1599 in
2225 1539 2365 1601 mel-

338 1631 413 1693 lis
460 1631 651 1711 cotyla
697 1631 941 1692 contriti
986 1638 1047 1690 et
1092 1631 1338 1708 inpositi
1374 1627 1644 1708 pedibuS,
1692 1631 1795 1707 qui
1832 1630 1998 1707 prius
2037 1627 2166 1688 oleo
2207 1647 2368 1690 rosa·
2392 1647 2438 1689 15

273 1720 280 1726 ’
340 1740 446 1781 ceo
494 1722 662 1781 uncti
717 1720 966 1798 fuerint,
1022 1737 1089 1778 ac
1145 1720 1324 1779 tertio
1382 1717 1478 1777 die
1535 1716 1715 1778 soluti
1772 1725 1832 1777 et
1877 1718 2076 1778 statim
2123 1736 2366 1778 rursum

232 2000 301 2051 62

233 2268 301 2318 63

230 2621 302 2671 64

229 2886 301 2934 65

228 3241 298 3291 66

231 3505 300 3553 67

339 1810 603 1888 impositi
669 1815 729 1868 et
793 1807 1106 1868 confestim
1173 1806 1436 1867 dolorem
1504 1804 1737 1867 leniunt
1809 1813 1868 1867 et
1930 1808 1993 1865 in
2057 1814 2369 1884 posterum

337 1896 569 1959 tollunt.

519 1984 768 2064 Vulpem
814 2003 887 2045 ex
924 2002 1075 2063 aqua
1114 1984 1373 2062 coquito,
1419 1983 1609 2043 donec
1645 1981 1967 2063 mollescat,
2006 1992 2068 2045 et
2103 2002 2177 2043 ex
2218 2001 2368 2063 aqua

341 2074 638 2154 percolata
687 2073 871 2152 pedes
918 2071 1165 2133 adsidue
1212 2072 1433 2153 fovet03
1482 2089 1599 2149 quo
1647 2072 1802 2132 facto
1848 2072 2156 2133 doloribus
2195 2073 2364 2133 facile
2391 2091 2440 2131 ιο

341 2166 536 2225 careri
581 2163 694 2222 hoc
740 2162 1006 2222 remedio
1056 2159 1294 2239 quidam
1341 2159 1689 2238 frequenter
1736 2163 1967 2240 experti
2013 2168 2171 2222 sunt.

517 2249 854 2329 Lenticula,
912 2268 1061 2328 quae
1116 2251 1179 2309 in
1240 2267 1391 2329 aqua
1447 2250 1739 2329 nascitur,
1805 2267 1983 2329 quam
2044 2252 2368 2310 tenerrima

340 2350 588 2401 contusa
636 2346 696 2399 et
739 2346 1055 2416 antequam
1104 2337 1373 2399 cubitum
1422 2345 1517 2397 eat
1563 2339 1635 2417 ei,
1684 2339 1789 2417 qui
1835 2338 1994 2398 dolet
2028 2338 2233 2418 pedes,
2280 2341 2367 2399 in-

338 2430 549 2508 posita,
596 2426 808 2487 deinde
855 2428 1209 2505 interposito
1257 2435 1524 2505 tempore
1573 2425 1821 2506 sublata,
1867 2432 1926 2487 et
1962 2426 2150 2487 herba
2186 2446 2368 2488 cucu-

338 2518 432 2578 lus
478 2518 619 2577 trita
664 2518 726 2575 in
773 2515 1061 2594 reliquam
1110 2522 1337 2593 partem
1386 2515 1579 2575 noctis
1624 2516 1882 2593 inposita
1928 2518 2075 2575 mire
2124 2514 2363 2577 dolores
2388 2533 2436 2575 25
2545 2525 2547 2572 1

340 2606 632 2686 podagrae
690 2602 871 2665 sedat.
956 2602 1169 2663 Farina
1219 2603 1505 2663 frumenti
1552 2622 1623 2663 ex
1670 2612 1838 2664 aceto
1885 2611 2051 2664 cocta
2099 2603 2367 2665 dolorem

337 2695 631 2775 podagrae
679 2695 879 2753 statim
926 2692 1093 2752 sedat
1137 2694 1412 2772 inposita,
1459 2692 1562 2751 sed
1609 2692 1804 2752 lenius
1845 2692 2210 2753 medicamen
2253 2696 2368 2755 erit

338 2784 568 2845 adiecto
615 2781 788 2842 melle
835 2799 955 2841 non
1004 2780 1207 2841 multo.

515 2871 787 2949 Pampini
824 2871 1031 2930 vitium
1071 2870 1198 2929 triti
1236 2877 1298 2930 et
1324 2870 1587 2948 impositi
1615 2876 1909 2930 tumorem
1937 2869 2160 2947 pedum
2187 2871 2364 2930 mira-

338 2960 542 3022 biliter
588 2961 919 3039 exsiccant3
966 2959 1117 3018 cinis
1164 2975 1403 3037 quoque
1449 2960 1660 3018 vitium
1697 2976 1832 3018 cum
1872 2959 2124 3037 axungia
2163 2966 2362 3020 vetere
2389 2978 2437 3018 ³0

340 3048 622 3109 subactus
669 3055 730 3108 et
774 3048 1091 3126 impositus
1136 3046 1293 3106 idem
1341 3054 1605 3125 praestat
1646 3064 1877 3107 necnon
1919 3054 1980 3107 et
2015 3047 2088 3107 ad
2126 3046 2240 3108 hoc
2281 3046 2364 3108 sal

338 3138 740 3199 ammoniacus
791 3154 926 3196 cum
974 3137 1104 3213 pari
1148 3153 1429 3195 mensura
1475 3137 1627 3214 picis
1674 3144 1735 3196 et
1782 3153 1952 3195 cerae
2000 3143 2208 3196 coctus
2256 3137 2362 3196 im-

337 3229 598 3306 ponitur.
679 3223 961 3304 Plantago
1018 3242 1155 3284 cum
1201 3225 1454 3302 axungia
1502 3222 1746 3284 subacta
1793 3232 1853 3285 et
1897 3225 2174 3303 imposita
2198 3223 2364 3296 ¹lenit

337 3316 557 3393 pedum
614 3312 876 3391 dolores,
940 3312 1118 3372 limus
1184 3331 1422 3392 quoque
1481 3314 1791 3391 aquaticus
1847 3331 1983 3373 cum
2039 3312 2169 3373 oleo
2226 3312 2360 3374 sub·

336 3412 505 3464 actus
549 3402 872 3481 plurimum
918 3399 1179 3481 prodest.
2383 3417 2431 3460 ³5

518 3490 714 3568 Adeps
762 3492 963 3550 ursina
1012 3508 1148 3550 cum
1196 3508 1334 3549 sevo
1382 3491 1617 3550 taurino
1661 3498 1722 3549 et
1758 3507 1894 3551 cera
1931 3492 2061 3568 pari
2099 3490 2357 3569 pondere

339 3577 757 3656 decoquuntur
813 3595 1002 3656 eoque
1061 3585 1263 3638 ceroto
1320 3578 1577 3658 podagra
1625 3586 1896 3639 contacta
1951 3577 2173 3640 lenitur
2227 3598 2358 3640 nec·
