2575 4092
1027 226 1501 293 -295-

241 399 414 454 aceto
470 398 532 452 et
585 391 758 452 melle
805 390 942 453 data
987 390 1079 452 vel
1123 390 1391 470 puleium
1437 389 1713 451 similiter
1756 397 1965 469 potum
2009 391 2104 451 vel
2155 389 2280 454 sili·

244 498 398 560 quae
429 479 704 560 Syriacae
741 479 882 541 folia
917 479 1010 540 vel
1045 481 1204 540 roris
1240 480 1459 540 marini
1493 497 1645 560 aqua
1680 478 1930 541 decocta
1956 479 2050 540 vel
2076 486 2277 561 petro-

243 568 492 630 silinum
545 587 621 629 ex
675 570 813 629 vino
868 570 1080 629 tritum
1134 568 1337 630 datum
1394 567 1488 629 vel
1542 568 1772 647 origani
1830 567 2061 630 decocti
2121 586 2275 649 aqua

162 723 177 742 ἐ
237 658 340 718 vel
392 675 638 718 anesum
693 659 929 738 tritum,
992 665 1278 737 quantum
1342 656 1537 719 tribus
1600 656 1802 736 digitis
1866 658 2275 737 conprehendi

174 763 208 805 s
238 753 469 826 potest3
523 745 771 825 prodest
824 748 1003 807 etiam
1057 747 1286 807 nitrum
1340 763 1478 807 cum
1520 747 1659 806 vino
1706 753 1808 807 aut
1853 754 2020 807 aceto
2067 746 2274 809 datum

244 868 328 878 —-
380 834 534 896 tollit
589 837 748 896 enim
803 836 1077 914 protinus
1133 833 1498 896 inflationem
1545 840 1607 895 et
1652 833 1915 895 dolorem
1961 837 2272 898 intestino·

237 942 381 985 rum
433 956 506 967 —
556 922 651 984 vel
706 923 860 984 lauri
914 922 1053 984 solia
1107 924 1248 985 trita
1304 923 1395 983 vel
1451 921 1720 984 eiusdem
1776 920 1955 984 bacae
2012 932 2115 986 aut
2159 924 2271 987 flos

240 1030 317 1073 ex
367 1014 499 1073 vino
545 1019 725 1090 potus
771 1020 876 1073 aut
919 1012 1160 1091 panacis
1207 1011 1374 1072 radix
1421 1028 1494 1072 ex
1539 1013 1676 1072 vino
1723 1019 1887 1093 pota3
1943 1012 2050 1073 sed
2094 1031 2272 1092 pana-

241 1119 346 1162 ces
392 1119 514 1162 non
560 1100 752 1161 solum
797 1102 1221 1162 intestinorum
1267 1099 1523 1180 dolores,
1570 1118 1778 1161 verum
1814 1102 1992 1162 etiam
2032 1101 2273 1164 cholera

148 1209 209 1249 ιο
240 1196 429 1251 sanat.
502 1188 756 1250 Prodest
801 1208 874 1250 ex
920 1191 1056 1250 vino
1104 1188 1196 1250 vel
1240 1196 1408 1250 aceto
1456 1189 1711 1250 ferventi
1755 1190 1876 1268 apii
1922 1207 2128 1251 semen
2165 1192 2271 1252 tri-

239 1286 373 1340 tum
419 1278 623 1339 datum
658 1279 860 1339 ieiuno
899 1277 993 1339 vel
1028 1286 1225 1339 terrae
1260 1277 1401 1339 mali
1437 1276 1490 1339 X
1524 1276 1552 1337 Ι
1590 1280 1770 1339 tritus
1805 1284 1985 1356 potus
2022 1296 2094 1340 ex
2131 1281 2271 1341 vino

237 1373 445 1429 vetere
498 1365 594 1428 vel
647 1366 860 1446 hysopi
914 1373 1017 1428 aut
1066 1367 1298 1446 origani
1341 1365 1604 1446 virgulae
1653 1366 1917 1447 quinque
1963 1386 2102 1429 cum
2148 1369 2273 1430 vini

238 1456 481 1516 hemina
526 1455 880 1516 fervefactae
928 1463 990 1516 et
1032 1457 1234 1516 ieiuno
1279 1455 1453 1533 potui
1496 1453 1684 1516 datae.

421 1542 793 1624 Fomentum‚
840 1542 999 1624 quod
1041 1541 1287 1623 prodest
1322 1543 1747 1604 intestinorum
1784 1542 2107 1625 doloribus,
2156 1546 2270 1608 sic:
2311 1553 2378 1605 15

147 1652 207 1692 15
238 1633 492 1694 Acetum
546 1641 648 1693 aut
702 1649 941 1713 aquam,
997 1634 1060 1692 in
1116 1650 1233 1712 qua
1287 1637 1425 1692 ruta
1480 1632 1715 1692 incocta
1759 1631 1967 1713 fuerit,
2023 1632 2270 1695 calidam

237 1723 439 1783 ventri
493 1730 554 1782 et
606 1719 888 1782 umbilico
952 1722 1233 1801 inpones3
1298 1719 1546 1781 discutit
1609 1721 1769 1780 enim
1832 1721 2146 1783 confestim
2209 1731 2273 1784 et

237 1810 411 1871 sedat
457 1809 712 1873 dolores.

421 1897 673 1959 Carmen
727 1898 801 1959 ad
855 1915 1032 1959 rosus
1088 1898 1211 1959 sive
1265 1895 1578 1957 hominum
1627 1898 1751 1957 sive
1797 1898 2138 1960 animalium
2184 1899 2270 1961 di·
2311 1908 2379 1961 16

237 2005 553 2049 versorum
589 1989 692 2049 sic.
748 1985 1010 2048 Palmam
1046 1993 1210 2048 tuam
1246 2003 1434 2064 pones
1471 1993 1679 2046 contra
1717 1984 1971 2047 dolentis
1998 1994 2272 2049 ventrem

146 2092 210 2132 20
237 2085 302 2138 et
345 2077 495 2137 haec
541 2083 634 2137 ter
681 2077 886 2136 novies
946 2075 1136 2138 dices:
1202 2073 1445 2154 Stolpus
1502 2092 1536 2135 a
1589 2073 1753 2135 caelo
1810 2075 2053 2157 cecidit,
2108 2076 2270 2138 hunc

238 2163 518 2227 morbum
581 2171 852 2244 pastores
907 2166 1292 2244 invenerunt,
1359 2165 1488 2226 sine
1553 2161 1828 2224 manibus
1884 2164 2269 2247 collegerunt,

238 2256 371 2316 sine
416 2255 542 2333 igni
588 2261 895 2333 coxerunt,
941 2256 1070 2314 sine
1118 2252 1398 2314 dentibus
1444 2251 1850 2314 comederunt.

417 2342 506 2402 Ad
551 2340 878 2404 lumbricos
925 2342 1252 2422 egerendos
1299 2340 1434 2404 felle
1482 2342 1725 2421 caprino
1763 2340 2152 2404 madefactam
2188 2342 2268 2403 la·
2308 2353 2374 2404 17

238 2449 377 2492 nam
423 2430 705 2493 umbilico
752 2429 1010 2511 adpone;
1064 2429 1223 2492 idem
1268 2430 1412 2492 facit
1456 2438 1518 2491 et
1562 2430 1642 2490 fel
1689 2432 1990 2492 taurinum
2037 2433 2123 2493 sic
2170 2431 2267 2492 ad-

149 2536 210 2577 25
237 2522 501 2599 positum
549 2537 784 2581 necnon
829 2517 1129 2580 brassicae
1175 2536 1383 2579 semen
1425 2520 1638 2581 tritum
1684 2536 1758 2579 ex
1801 2520 1940 2580 vino
1988 2519 2081 2580 vel
2117 2537 2267 2599 aqua

236 2612 321 2670 ita
378 2607 676 2687 oportebit
722 2609 956 2687 adponi.
1036 2606 1126 2667 Ad
1171 2604 1499 2668 lumbricos
1544 2614 1605 2667 et
1651 2608 1843 2668 tineas
1880 2607 2148 2669 coliculis
2194 2626 2268 2669 ex
2307 2618 2376 2668 18

237 2716 393 2777 aqua
448 2698 636 2758 coctis
690 2698 1000 2777 origanum
1052 2694 1410 2757 admiscebis
1464 2713 1533 2756 ac
1587 2696 1788 2756 ieiuno
1852 2695 2143 2757 bibendos
2205 2698 2267 2758 in

238 2787 336 2848 die
382 2794 508 2847 tres
556 2785 798 2864 cyathos
845 2784 1029 2846 dabis.

416 2875 507 2935 Ad
563 2876 788 2935 ventris
843 2891 1017 2935 rosus
1072 2872 1404 2934 remedium
1461 2874 1575 2934 sic:
1646 2872 1878 2951 Piperis
1934 2872 2054 2934 albi
2097 2903 2188 2915 -
2222 2872 2268 2954 1,
2310 2885 2375 2934 19

150 2979 212 3021 so
239 2964 463 3045 cymini
508 2965 727 3025 saccati
773 2994 857 3006 —
896 2961 949 3043 1,
993 2969 1164 3023 rutae
1210 2961 1349 3022 solia
1393 2960 1603 3022 viridia
1654 2993 1732 3004 -
1772 2961 1816 3045 1,
1862 2963 2007 3023 nitri
2054 2954 2134 3047 ›9‘
2170 2960 2271 3045 111,

239 3050 478 3115 euforbi
532 3051 960 3131 permodicum.
1043 3050 1203 3111 Haec
1261 3052 1458 3111 omnia
1503 3049 1677 3111 melle
1723 3059 1784 3112 et
1829 3057 1996 3112 aceto
2042 3052 2270 3131 pariter

235 3143 532 3223 permixta
584 3142 649 3200 in
700 3140 916 3219 pilulas
971 3139 1044 3200 ad
1091 3138 1334 3200 modum
1380 3138 1546 3201 fabae
1591 3139 1828 3219 rediges
1875 3147 1936 3202 et
1979 3139 2268 3201 bibendas

233 3229 541 3311 paulatim,
588 3247 724 3289 cum
770 3248 923 3309 opus
969 3228 1167 3308 fuerit,
1212 3229 1414 3289 ieiuno
1461 3245 1534 3288 ex
1579 3229 1717 3289 vino
1762 3230 1945 3289 mixto
1992 3227 2177 3289 dabis,

419 3318 487 3380 Si
528 3317 897 3379 ventriculus
944 3324 1325 3397 perversatus
1371 3316 1553 3378 fuerit
1589 3316 1784 3398 alicui,
1830 3334 2044 3397 aquam
2081 3315 2260 3398 bibat,
2305 3329 2375 3378 20

153 3422 209 3465 as
238 3408 399 3470 unde
455 3406 640 3486 pedes
695 3406 905 3467 laverit
959 3424 1127 3488 suos,
1183 3414 1245 3467 et
1299 3405 1372 3466 de
1427 3405 1558 3466 lana
1613 3406 1766 3487 ovis,
1832 3423 1982 3484 quae
2036 3424 2071 3466 a
2126 3404 2266 3486 lupo

423 3602 456 3651 8
484 3609 750 3665 panacae.
807 3599 839 3649 9
868 3593 1097 3650 cholera
1125 3593 1264 3664 (sic).
1321 3598 1388 3647 21
1420 3591 1777 3661 colligarunt.
1840 3596 1908 3647 23
1939 3593 2267 3662 egerendas.
