2575 4092
1119 224 1555 290 ...66-

218 404 286 455 26
325 389 766 452 incumbentem
824 388 1166 469 epiphoram
1223 388 1529 449 discuties.
1623 385 1685 447 Si
1739 388 1997 465 impetus
2045 386 2357 449 oculorum

325 482 618 561 eruperit,
664 476 1005 539 huiusmodi
1052 477 1384 538 remedium
1432 476 1744 536 confestim
1793 474 2127 536 adhibebis:
2190 476 2359 537 Atra-

323 571 511 630 menti
572 569 839 629 sntoricii
902 597 977 611 —
1030 565 1056 625 Ι
1113 568 1172 626 in
1230 583 1442 645 aquam
1504 563 1783 625 mundam
1831 564 2121 625 defundes
2176 565 2359 644 idque

323 659 543 719 acriter
599 657 830 717 fervere
894 655 1100 736 facieS,
1169 664 1294 715 tum
1351 655 1612 735 operieS,
1680 663 1745 714 ut
1800 654 1999 713 fervor
2052 652 2362 733 paululum

326 747 741 826 conquiescat,
797 753 974 823 atque
1029 743 1134 804 ubi
1188 743 1491 803 modicum
1546 744 1898 821 intepuerit,
1952 743 2013 802 in
2072 742 2360 803 concham
2417 755 2445 796 ⁵

323 833 706 896 transfundes
760 833 962 911 ibique
1021 832 1228 893 faciem
1288 832 1598 909 demerges
1656 838 1716 891 et
1771 829 1977 891 oculos
2041 831 2362 911 patefacies

322 926 477 985 intra
516 925 705 1004 ipsam
745 939 984 1003 aquam3
1029 920 1336 1000 paululum
1373 918 1612 998 quidem
1653 918 2041 999 admordehit,
2089 920 2191 980 sed
2230 939 2362 980 cer·

217 1025 286 1075 26
326 1014 556 1073 tissimo
605 1014 1012 1091 experimento
1060 1008 1328 1071 dolorem
1374 1007 1817 1070 incumbentem
1867 1016 2108 1069 avertet.
2194 1008 2360 1070 Colo·

325 1102 471 1161 fonii
509 1100 807 1162 modicum
842 1099 1157 1179 phoenicio
1195 1098 1374 1177 inliga
1413 1105 1474 1158 et
1511 1097 1662 1158 collo
1699 1097 2003 1176 lippientis
2042 1098 2361 1179 suspende,

217 1203 286 1253 27
326 1191 526 1250 statim
581 1189 866 1268 proderit.
958 1187 1233 1248 Dolorem
1291 1186 1601 1248 oculorum
1648 1193 1715 1247 ut
1760 1204 1914 1246 anno
1960 1189 2194 1265 integro
2240 1205 2363 1247 non
2393 1199 2449 1240 10

322 1279 593 1358 patiariS,
652 1295 788 1337 cum
843 1277 1104 1355 primum
1162 1277 1386 1336 cerasia
1445 1282 1623 1336 erunt
1669 1274 1880 1335 idonea
1928 1278 2085 1356 esui,
2151 1276 2210 1337 id
2267 1283 2364 1336 est

324 1368 495 1446 quasi
542 1370 791 1445 matura,
837 1364 910 1425 de
960 1363 1153 1425 tribus
1200 1366 1446 1425 cei-asiis
1492 1362 1721 1443 lapillos
1768 1363 2094 1443 pertundes
2142 1372 2201 1425 et
2250 1364 2359 1424 Ga·

324 1456 525 1516 ditano
574 1454 691 1515 lino
740 1456 968 1515 inserto
1005 1471 1115 1532 pro
1161 1452 1528 1533 phylacterio
1566 1454 1775 1535 uteris,
1822 1461 1956 1513 voto
1993 1455 2163 1533 prius
2202 1453 2360 1514 facto

325 1553 530 1605 contra
575 1542 759 1604 solem
797 1545 1106 1624 orientem,
1154 1542 1312 1621 quod
1354 1559 1423 1601 eo
1463 1559 1615 1602 anno
1655 1543 1881 1603 cerasia
1918 1560 2037 1603 non
2077 1544 2160 1603 sis
2197 1560 2359 1603 man-

219 1643 287 1692 28
325 1634 669 1694 ducaturus,
735 1631 1012 1714 Herbam,
1051 1650 1201 1711 quae
1231 1630 1561 1710 appellatur
1589 1632 1982 1711 peristereon,
2021 1632 2358 1712 discoqueS,
2391 1642 2446 1684 1⁶

325 1730 393 1783 ut
449 1722 774 1802 madescat,
831 1739 900 1782 ex
960 1739 1110 1800 aqua
1168 1720 1404 1781 fontana
1462 1719 1531 1779 ad
1590 1722 1797 1780 tertias
1854 1727 1914 1780 et
1968 1720 2106 1780 inde
2154 1720 2364 1781 oculos

220 1821 285 1871 29
329 1810 552 1872 fovebis
598 1813 827 1889 impetu
875 1809 1235 1870 laborantes:
1293 1812 1448 1869 intra
1503 1808 1770 1868 triduum
1826 1808 2191 1886 persanabiS.
2260 1807 2360 1869 .Vi·

325 1899 537 1960 tandae
583 1906 873 1979 perpetuo
921 1896 1294 1977 lippitudinis
1342 1899 1528 1975 gratia
1577 1897 1843 1977 observa,
1892 1904 1967 1957 ut·
2006 1916 2038 1957 a
2077 1896 2199 1958 Kal.
2238 1897 2361 1959 Ian.

326 2006 395 2049 eo
443 1996 739 2069 tempore,
786 2005 905 2066 quo
953 1985 1076 2048 Kal.
1124 1986 1265 2046 solis
1313 1986 1408 2046 die
1455 1986 1703 2066 fuerint,
1752 1988 1927 2046 etiam
1976 1986 2122 2046 hora
2169 1989 2361 2065 prima

326 2076 417 2137 vel
473 2084 675 2137 octava
734 2083 794 2136 et
849 2074 1132 2153 deinceps
1188 2073 1302 2134 alio
1360 2074 1455 2134 die
1513 2073 1655 2135 solis
1711 2085 1771 2135 et
1824 2077 2003 2135 tertio
2062 2075 2204 2137 solis
2261 2074 2360 2136 die
2389 2086 2447 2128 2⁰

330 2164 603 2225 similiter
650 2164 893 2244 collyrio
941 2165 1110 2224 tenui
1151 2165 1478 2242 inungariS,
1526 2170 1655 2223 tum
1693 2181 2017 2225 conversus
2056 2165 2127 2225 ad
2167 2167 2362 2225 orien-

326 2260 447 2313 tem
503 2251 740 2331 rogabis
795 2252 999 2332 deum,
1055 2264 1123 2313 ut
1176 2269 1247 2311 eo
1306 2270 1458 2312 anno
1517 2251 1718 2312 dolere
1774 2253 1980 2313 oculos
2040 2262 2176 2314 tuos
2239 2271 2362 2314 non

219 2353 288 2403 30
328 2344 498 2402 sinat.
565 2341 712 2403 Cum
742 2343 999 2420 primum
1036 2340 1420 2401 hirundinem
1450 2341 1711 2401 audieris
1740 2350 1841 2403 aut
1870 2342 2108 2424 videris,
2144 2344 2361 2403 tacitus

325 2430 462 2492 ilico
503 2429 573 2490 ad
616 2430 839 2490 fontem
878 2429 1164 2491 decurres
1202 2429 1295 2490 vel
1334 2429 1405 2490 ad
1437 2438 1684 2508 puteum
1714 2440 1773 2491 et
1807 2431 1944 2490 inde
1975 2448 2123 2510 aqua
2155 2430 2359 2492 oculos

328 2517 553 2580 fovebis
600 2526 660 2579 et
707 2518 944 2598 rogabis
982 2518 1177 2599 deum,
1226 2527 1293 2579 ut
1330 2536 1400 2577 eo
1439 2536 1593 2579 anno
1630 2537 1749 2579 non
1787 2518 2017 2600 lippiaS,
2065 2519 2358 2581 dolorem·
2389 2531 2449 2572 2⁶

219 2620 287 2669 31
329 2626 443 2688 que
491 2626 728 2668 omnem
784 2607 1095 2669 oculorum
1150 2616 1392 2668 tuorum
1447 2607 1800 2668 hirundines
1855 2607 2144 2669 auferant.
2246 2607 2361 2669 Ex·

324 2704 563 2776 pertum
610 2697 940 2757 remedium
988 2695 1060 2756 ad
1103 2695 1537 2777 lippitudinem,
1584 2715 1659 2756 ne
1699 2714 1978 2775 umquam
2017 2705 2361 2778 temptetur,

327 2787 375 2846 si
425 2787 560 2864 quis
606 2784 883 2846 observet
930 2787 1058 2845 sine
1104 2786 1562 2855 intermissione,
1594 2794 1693 2845 aut
1742 2785 2053 2867 oblivione,
2104 2795 2168 2848 ut
2215 2805 2361 2866 quo-

326 2876 482 2935 tiens
536 2873 772 2956 laverit,
828 2874 1082 2935 deducta
1129 2874 1403 2952 utrisque
1452 2872 1724 2934 manibus
1772 2874 1843 2933 ad
1892 2874 2075 2953 pedes
2122 2875 2360 2936 infimos

327 2981 474 3042 aqua
543 2965 742 3024 statim
805 2981 1015 3024 manus
1080 2961 1281 3023 ambas
1352 2962 1423 3021 ad
1490 2962 1693 3022 oculos
1759 2962 1979 3024 referat
2044 2971 2220 3043 atque
2284 2964 2359 3025 ad
2389 2977 2451 3019 ao

327 3049 572 3129 angulos
620 3069 827 3112 eorum
874 3058 1128 3130 utraque
1175 3069 1356 3111 manu
1402 3051 1711 3133 perfricet,
1764 3061 1825 3112 et
1870 3051 1983 3112 hoc
2030 3060 2125 3113 ter
2163 3053 2360 3113 facere

219 3152 288 3200 32
329 3139 590 3201 debebis,
697 3140 998 3201 Adversus
1053 3158 1295 3200 umores
1350 3149 1411 3200 et
1465 3138 1695 3200 subitos
1751 3142 1991 3220 inpetus
2047 3142 2361 3203 oculorum

327 3238 388 3289 et
434 3228 749 3308 epiphoras
793 3228 1026 3290 radices
1073 3227 1243 3290 hetae
1293 3230 1542 3289 maxime
1590 3231 1792 3308 nigrae
1840 3248 1911 3289 ex
1963 3248 2113 3309 aqua
2160 3230 2362 3311 tepida

471 3387 502 3436 ’1
540 3381 843 3451 paulolum.
1026 3388 1058 3436 8
1098 3380 1430 3438 colofhonii.
1604 3388 1634 3436 9
1673 3381 1891 3437 fenici0.
2084 3390 2147 3438 11
2187 3384 2359 3440 essai.

330 3458 395 3507 12
435 3450 716 3508 Gaditano
752 3455 976 3522 scripsi.-
1012 3452 1262 3521 gaitano.
1432 3459 1494 3507 13
1533 3452 1883 3524 philacterio.
2040 3459 2108 3509 22
2148 3455 2359 3510 dolore.

326 3528 395 3576 23
434 3523 777 3580 erundinem.
985 3529 1055 3578 24
1092 3522 1261 3578 illico.
1473 3529 1541 3580 26
1580 3524 1915 3579 herundines
2122 3526 2361 3583 auferat.

326 3597 395 3647 27
432 3595 717 3651 temtetur.
