2575 4092
1037 197 1526 262 -213—

272 362 412 422 inde
451 361 526 421 ad
564 360 722 421 diem
760 359 1125 421 sorbeat-vel
1162 359 1473 420 dimidium
1512 359 1807 440 cyathum,
1853 357 2115 420 colorem
2151 357 2303 436 opti-

275 468 441 510 mum
486 448 728 509 habebit
775 458 835 510 et
880 449 1114 509 facilius
1161 446 1488 527 suspirabit
1544 455 1605 508 et
1659 447 1856 509 cibum
1909 446 2119 508 melius
2166 462 2305 507 con-

272 539 454 600 ficiet.
535 536 682 597 Nam
731 539 783 597 si
830 539 966 616 quis
1012 536 1263 598 multum
1312 536 1639 597 comederit
1685 544 1746 597 et
1790 554 1909 597 non
1960 535 2305 597 concoxerit

276 636 338 687 et
392 625 564 687 cibus
620 627 676 686 ei
730 627 792 685 in
841 625 1145 686 stomacho
1190 627 1512 706 inacuerit‚
1558 624 1798 686 sorbeat
1842 625 1915 686 de
1959 624 2073 686 hoc
2119 622 2303 684 medi-

219 740 251 782 5
277 721 570 796 camento‚
606 716 891 775 continuo
929 714 1161 775 desinet
1187 714 1412 774 crudus
1440 732 1592 774 esse.
1640 712 1717 774 Ut
1744 715 1897 775 scias
1924 732 2083 793 vero,
2112 723 2408 792 quan-11¹1

276 811 398 864 tam
455 805 572 863 vim
627 801 868 885 habeat,
925 805 1102 863 etiam
1159 802 1402 864 caducis
1457 802 1664 863 datum
1707 801 1969 881 prodest.
2057 799 2205 861 Nam
2251 801 2306 860 si

276 891 373 952 vel
428 891 576 954 duos
632 891 874 971 cyathos
931 891 1171 952 cadivus
1225 891 1365 952 inde
1422 891 1661 952 sorbeat
1716 900 1778 952 et
1832 897 2035 952 currat
2092 906 2304 968 passus

275 980 437 1040 mille
492 980 784 1041 ducentos
840 981 1266 1058 quinquaginta
1323 982 1588 1061 ieiunuS‚
1650 981 1800 1041 mire
1860 976 2305 1056 remediabitur‚

277 1071 333 1129 si
386 1068 481 1128 vel
533 1070 713 1128 tertio
768 1075 872 1128 aut
927 1075 1139 1147 quarto
1193 1068 1287 1129 die
1335 1067 1395 1129 id
1443 1071 1758 1149 acceperit.
1852 1067 2020 1140 Quod
2072 1068 2124 1127 si
2170 1068 2306 1146 quis

196 1183 254 1222 10
281 1159 398 1218 erit
453 1159 515 1217 in
571 1156 916 1236 accipiendo
971 1156 1214 1218 cottidie
1275 1159 1535 1238 patiens,
1598 1159 1847 1237 penitus.
1903 1155 2129 1218 carebit
2190 1154 2307 1216 hoc

279 1245 508 1306 morbo.
591 1245 717 1306 Hoc
771 1245 1141 1306 medicamen
1197 1254 1256 1306 et
1301 1256 1511 1307 ventos
1558 1249 1697 1308 eicit
1742 1254 1803 1308 et
1847 1264 2028 1307 venas
2074 1251 2306 1324 purgat.

275 1333 428 1395 Nam
474 1335 528 1393 is
572 1332 820 1394 morbus
866 1352 938 1394 ex
984 1342 1298 1394 ventorum
1344 1334 1723 1396 multitudine
1777 1343 2077 1413 movetur3
2131 1333 2307 1412 frige·

279 1424 397 1482 scit
443 1423 602 1482 enim
649 1440 869 1501 corpus
915 1423 988 1484 de
1025 1424 1397 1501 inparatione
1436 1430 1498 1483 et
1531 1441 1813 1484 nauseam
1851 1423 1993 1483 facit
2029 1431 2091 1482 et
2125 1422 2307 1481 vomi-

281 1518 382 1571 tus
435 1518 650 1571 movet.
745 1509 811 1570 Si
865 1512 1000 1590 quis
1056 1529 1199 1590 ergo
1254 1510 1369 1571 hoc
1427 1520 1646 1592 sumat,
1703 1529 1938 1571 omnem
1996 1527 2191 1571 escam
2248 1517 2311 1570 et

192 1623 252 1664 15
278 1601 583 1678 potionem
637 1598 791 1659 bene
847 1607 1183 1678 concoquet
1238 1607 1301 1659 et
1355 1598 1517 1660 nulla
1571 1617 1671 1659 res
1727 1601 1784 1660 ei
1839 1598 2079 1659 nocebit
2132 1616 2199 1659 ac
2256 1599 2308 1658 si

275 1687 440 1748 voles
477 1687 590 1748 hoc
626 1686 1018 1748 medicamine
1055 1688 1300 1767 pthisim
1332 1687 1558 1768 sedare,
1596 1687 1745 1749 adde
1784 1689 1908 1748 vini
1944 1687 2134 1748 dulcis
2166 1704 2308 1766 pau·

276 1775 465 1837 lulum
513 1783 574 1836 et
620 1778 706 1836 sic
754 1775 891 1836 dato
930 1778 1182 1837 mixtum
1219 1776 1465 1837 sorbere
1501 1778 1723 1837 ieiuno.
1789 1775 1852 1836 Si
1889 1778 2025 1855 quis
2063 1777 2296 1854 sangui·
2312 1785 2414 1836 118

276 1883 416 1925 nem
455 1864 774 1945 excreabit,
811 1863 926 1925 hoc
965 1864 1355 1926 medicamine
1394 1868 1637 1945 ac‘cepto
1667 1864 1837 1925 facile
1867 1867 2044 1926 eiciet
2072 1882 2307 1925 omnem

277 1953 614 2014 molestiam
659 1961 721 2013 et
763 1970 947 2014 venae
996 1955 1051 2013 ei
1098 1952 1516 2032 purgabuntur
1562 1953 1841 2033 quodque
1888 1953 1961 2014 ad
1997 1952 2308 2033 pulmones

190 2065 251 2105 20
280 2049 344 2102 et
388 2044 606 2102 arteria
655 2048 937 2120 corrupta
978 2041 1222 2122 adtinet,
1267 2061 1378 2122 per
1413 2044 1702 2104 vomitum
1739 2042 2060 2122 sanabitur,
2108 2044 2157 2101 si
2194 2041 2308 2102 hoc

276 2130 713 2191 medicamento
773 2136 976 2191 utatur
1031 2130 1306 2211 adsidue,
1366 2139 1426 2192 et
1472 2133 1523 2192 si
1571 2150 1747 2211 quem
1795 2150 1945 2211 aqua
1992 2132 2308 2192 intercutis

276 2218 534 2298 tenebit,
590 2218 650 2279 id
712 2225 804 2279 est
863 2221 914 2278 si
967 2217 1331 2299 hydropicus
1387 2221 1528 2302 erit,
1588 2220 1896 2282 sanabitur
1955 2219 2308 2300 faciliusque

277 2305 607 2387 curabitur,
655 2309 708 2367 si
752 2325 966 2368 recens
1012 2307 1259 2368 morbus
1305 2309 1504 2388 fuerit,
1549 2328 1685 2370 nam
1723 2327 1831 2388 per
1870 2311 2101 2370 urinam
2137 2309 2306 2369 illum

278 2397 399 2456 cito
429 2395 659 2474 digeret
696 2404 756 2456 et
796 2396 952 2474 quod
992 2395 1063 2456 ad
1093 2395 1360 2474 splenem
1389 2399 1601 2458 attinet
1628 2397 2065 2460 extenuabitur.
2117 2396 2304 2476 Opor-

188 2507 246 2549 25
276 2491 367 2545 tet
404 2501 546 2562 ergo
583 2486 754 2563 prius
781 2482 1004 2565 videre,
1041 2484 1199 2545 unde
1231 2487 1367 2563 quis
1395 2485 1642 2546 morbus
1668 2487 1880 2547 veniat.
1948 2485 2012 2546 Si
2039 2504 2069 2545 a
2100 2484 2306 2564 splene

276 2573 413 2653 erit,
449 2579 659 2632 venter
698 2571 961 2633 solvetur
999 2581 1101 2633 aut
1137 2591 1315 2634 crura
1344 2573 1687 2653 turgebant.
1733 2574 1876 2635 Dari
1901 2576 2101 2653 itaque
2131 2591 2303 2652 opor-

275 2660 428 2722 tebit
473 2679 645 2722 mane
691 2663 893 2722 ieiuno
941 2661 1093 2722 duos
1140 2661 1383 2741 cyathos
1430 2671 1594 2723 certe
1641 2662 1733 2723 vel
1779 2681 1965 2724 unum
2008 2662 2305 2744 cyathum,

275 2752 331 2811 si
377 2752 522 2810 satis
567 2750 842 2810 infirmus
888 2751 1018 2831 erit,
1067 2749 1219 2811 dato.
1306 2750 1478 2823 Quod
1525 2753 1576 2812 si
1622 2750 1694 2811 ab
1740 2753 1940 2812 iecore
1987 2753 2102 2812 erit
2147 2769 2302 2811 mor-

274 2838 409 2919 buS,
456 2837 647 2899 mellis
695 2838 971 2918 cyathum
1020 2845 1121 2899 aut
1160 2841 1322 2917 passi
1360 2842 1712 2900 commisces
1749 2858 1887 2901 cum
1924 2838 2134 2919 cyatho
2174 2841 2303 2900 eius

185 2952 244 2992 ao
275 2928 430 2988 aceti
476 2927 655 3006 idque
702 2946 810 3007 per
865 2927 993 2988 dies
1049 2927 1272 3005 aliquot
1327 2926 1511 2988 dabis.
1592 2928 1858 2989 Primum
1905 2946 2158 3006 namque
2207 2945 2302 2989 su-

274 3015 524 3077 doribus
574 3015 1125 3096 vehementissimi8‚
1171 3024 1378 3094 postea
1426 3018 1603 3078 etiam
1641 3019 1813 3079 urina
1858 3016 2042 3078 multa
2090 3036 2303 3097 purga-

272 3104 463 3184 bitur3
503 3105 717 3165 deinde
755 3104 953 3165 cibum
994 3111 1054 3165 et
1089 3106 1392 3184 potionem
1429 3105 1820 3167 libentissime
1849 3113 2045 3168 sumet
2082 3108 2302 3166 omnia-

273 3212 393 3273 que
437 3195 558 3254 cito
604 3200 954 3272 concoquet.

452 3351 488 3400 4
523 3345 1013 3402 medicamentum.
1160 3353 1192 3401 9
1229 3350 1540 3417 acceperat.
1680 3353 1742 3402 11
1785 3346 1968 3402 eiciet.
2098 3351 2163 3398 12
2201 3345 2300 3400 fri-

272 3414 458 3486 giscit.
591 3422 656 3470 13
693 3418 952 3472 vomitos.
1086 3425 1150 3472 16
1185 3418 1495 3488 paniolum.
1632 3423 1701 3472 20
1738 3417 1975 3472 arterias
2012 3417 2300 3484 corruptas

276 3487 598 3543 (Iov-marius.
743 3495 811 3543 22
867 3487 1165 3558 idropicus.
1311 3494 1379 3543 25
1418 3490 1491 3544 ad
1528 3489 1704 3556 splen.
1846 3492 1915 3542 29
1954 3486 2298 3543 cummisces.

274 3566 341 3615 31
371 3559 598 3621 ¹urinam
616 3559 890 3627 xmultam.
