2575 4092
1014 281 1453 348 ...33-

211 443 361 505 bene
400 444 545 505 facit
582 452 935 505 centaureae
965 447 1163 506 tenuis
1202 463 1386 506 sucus
1424 463 1562 506 cum
1591 454 1758 507 aceto
1788 446 1976 507 calido
2006 448 2240 510 infusus

214 535 407 613 capiti.
503 532 593 593 Ad
649 534 859 612 capitis
912 533 1229 594 molestum
1286 541 1348 594 et
1402 533 1700 595 diutinum
1747 534 2011 596 dolorem
2061 538 2241 599 medi·
2278 548 2347 599 38

215 624 444 683 camina
491 621 645 682 infra
694 622 917 700 scripta
963 622 1170 684 facies:
1215 621 1483 684 Hederae
1533 623 1737 701 nigrae
1785 623 1922 685 folia
1967 627 2108 687 trita
2141 626 2243 688 ad·

217 713 398 771 mixto
446 717 633 791 aceto,
680 709 829 790 oleo,
875 712 1030 793 vino,
1077 713 1282 790 aequis
1330 710 1725 792 portionibus,
1771 712 1931 793 quod
1969 714 2244 797 sufficiat,

164 816 193 857 5
216 801 277 859 in
340 799 581 860 vasculo
637 797 906 878 quolibet
962 800 1191 860 fervere
1247 800 1429 861 facies
1484 818 1552 861 ac
1610 808 1816 879 postea
1870 802 2127 864 frontem
2184 812 2245 866 et

216 896 484 968 tempora
530 887 699 949 lines.
793 889 1034 950 Cicutae
1081 886 1219 949 folia
1265 898 1368 950 aut
1414 890 1465 949 si
1517 888 1655 949 folia
1700 908 1821 951 non
1865 891 2107 972 fuerint,
2153 911 2243 954 ra-

217 977 409 1037 dicem
467 978 594 1038 eius
650 984 811 1037 teres
869 985 929 1038 et
984 977 1165 1039 fronti
1221 976 1437 1038 inlines
1502 985 1606 1039 aut
1659 980 1721 1038 in
1778 979 2029 1041 saccello
2085 979 2244 1042 lineo

215 1066 288 1126 ad
333 1065 588 1127 frontem
627 1066 974 1144 suspendes,
1046 1066 1222 1127 Alces
1262 1057 1343 1152 ,9-
1382 1064 1483 1146 VI,
1530 1069 1694 1128 croci
1732 1059 1812 1154 ᾂ-
1855 1066 1947 1150 Vl,
1988 1073 2245 1148 gummis

218 1146 298 1241 2-
354 1153 455 1234 vl,
520 1153 719 1215 album
783 1157 878 1215 ovi
942 1162 1001 1216 et
1058 1154 1288 1216 cocleas
1347 1157 1606 1216 minutas
1661 1173 1913 1217 numero
1960 1156 2032 1239 V,
2098 1157 2243 1220 baec

134 1261 190 1301 10
215 1245 493 1304 universa
539 1251 814 1304 conteres
860 1246 923 1304 in
967 1246 1254 1304 mortario
1301 1261 1633 1305 marmoreo
1681 1252 1741 1305 et
1777 1254 1945 1306 aceto
1984 1247 2244 1309 admixto

215 1333 400 1392 fronti
446 1330 677 1392 inlines.
751 1331 1042 1393 Rasamen
1087 1340 1308 1413 pastae,
1356 1331 1514 1411 quod
1561 1334 1625 1393 in
1670 1333 1900 1412 magide
1945 1334 2244 1418 adhaeret,

217 1412 297 1507 „9⁶
328 1418 404 1479 VI
440 1427 499 1481 et
532 1429 732 1481 cretae
764 1412 844 1507 ᾂ-
873 1419 947 1480 Vl
986 1428 1046 1482 et
1082 1419 1399 1482 bulborum
1438 1422 1812 1483 incoctorum
1843 1414 1923 1509 ᾂ-
1952 1422 2033 1484 ΙΙΙ
2069 1426 2245 1486 tritos

216 1517 277 1570 et
331 1508 648 1571 medullam
702 1510 827 1570 sive
881 1509 1149 1571 vitellum
1204 1511 1298 1570 ovi
1344 1508 1639 1589 gallinacii
1698 1517 1975 1573 conteres
2020 1515 2246 1591 pariter

215 1616 290 1659 ex
344 1605 511 1659 aceto
569 1606 630 1659 et
684 1597 867 1658 fronti
920 1597 1154 1659 inlines.
1245 1597 1406 1659 Muri
1461 1597 1778 1659 cerebrum
1833 1598 2005 1661 tolles
2062 1608 2124 1662 et
2182 1604 2247 1663 in

131 1706 188 1745 15
216 1689 354 1747 vino
394 1689 595 1747 mittes
631 1704 700 1747 ac
740 1695 1102 1748 maceratum
1140 1694 1199 1748 et
1226 1689 1439 1748 tritum
1468 1687 1654 1747 fronti
1689 1687 1922 1748 inlineS.
1995 1687 2248 1751 Euforbi

216 1768 299 1861 9-
329 1774 372 1854 Ι,
402 1777 565 1836 croci
594 1766 674 1861 ᾂ-
704 1774 777 1834 Vl
810 1777 1107 1854 permisce
1141 1793 1279 1837 cum
1309 1782 1479 1836 aceto
1517 1784 1576 1836 et
1604 1776 1830 1853 pariter
1856 1775 2009 1837 bene
2039 1779 2245 1838 tritum

216 1864 403 1925 fronti
448 1864 648 1925 inline.
723 1862 991 1925 Hederae
1039 1882 1221 1926 sucus
1268 1864 1491 1925 densus
1538 1862 1721 1923 fronti
1769 1871 1829 1925 et
1875 1863 2247 1944 temporibus

213 1952 494 2014 inlinitur
530 1962 590 2014 et
627 1970 764 2014 cum
803 1954 1059 2014 siccatus
1097 1954 1296 2033 fuerit,
1335 1954 1552 2014 iterum
1591 1951 1890 2034 inlinitur3
1936 1971 2056 2031 quo
2094 1953 2249 2014 facto

219 2041 413 2102 dolori
441 2043 653 2120 capitis
681 2048 959 2121 potenter
988 2041 1356 2103 subvenitur.
1407 2039 1497 2101 Ad
1526 2040 2006 2119 conpescendum
2036 2044 2248 2121 capitis
2287 2053 2354 2102 39

130 2147 189 2186 so
218 2130 486 2191 dolorem
544 2129 821 2209 pollinem
878 2132 1033 2191 turis
1084 2149 1220 2191 cum
1266 2131 1416 2191 visci
1470 2129 1732 2210 scripulo
1787 2131 2012 2209 pariter
2068 2131 2250 2194 fronti

215 2218 420 2280 inline.
496 2218 668 2289 Quod
697 2221 748 2280 si
777 2218 980 2279 dolore
1018 2219 1281 2281 medium
1320 2228 1499 2298 caput
1534 2219 1680 2280 findi
1719 2218 2034 2302 videbitur,
2069 2220 2249 2282 bede·
2286 2229 2357 2280 40

216 2326 348 2368 ram
406 2307 706 2369 contunde
753 2326 820 2368 ac
868 2326 1078 2368 sucum
1127 2310 1257 2368 eius
1305 2308 1435 2370 oleo
1481 2326 1726 2369 rosaceo
1772 2309 1958 2369 misce
2006 2317 2067 2370 et
2112 2328 2249 2371 cum

215 2395 464 2457 linteolo
511 2396 734 2457 mundo
782 2396 965 2458 fronti
1009 2397 1304 2478 inducito,
1350 2406 1615 2475 tempora
1664 2414 1901 2476 quoque
1949 2415 2023 2457 ex
2070 2416 2141 2458 eo
2189 2405 2250 2458 et

216 2504 396 2546 nares
434 2502 729 2566 perunge3
776 2485 935 2565 quod
975 2486 1028 2545 si
1064 2487 1299 2564 gravior
1336 2484 1505 2545 dolor
1542 2486 1743 2566 fuerit,
1781 2487 1957 2546 etiam
1998 2485 2252 2547 cerebro

132 2589 189 2630 25
217 2574 607 2653 superfundo.
681 2574 906 2634 Limaci
942 2573 1254 2654 calculum,
1296 2592 1473 2653 quem
1509 2576 1571 2635 in
1609 2576 1803 2652 capite
1849 2573 2045 2655 habet,
2083 2574 2250 2655 tolle3
2287 2584 2356 2632 41

218 2663 382 2743 quod
431 2679 553 2725 non
599 2661 769 2723 facile
816 2663 1025 2743 facies,
1083 2664 1203 2723 nisi
1257 2664 1341 2743 ei,
1397 2662 1537 2723 dum
1584 2665 1648 2722 in
1696 2664 1787 2722 via
1832 2664 2015 2743 repit,
2073 2670 2252 2743 caput

218 2751 422 2813 subito
472 2749 824 2813 abscideris:
872 2769 1050 2831 quem
1098 2750 1352 2830 lapidem
1390 2751 1672 2830 quamdiu
1716 2758 1914 2813 tecum
1951 2751 2250 2831 habueriS,

217 2858 550 2919 numquam
595 2839 783 2901 ullum
829 2839 1098 2901 dolorem
1143 2841 1358 2917 capitis
1404 2857 1515 2900 nec
1562 2841 1784 2900 senties
1830 2857 1941 2900 nec
1988 2842 2250 2918 patieris

216 2929 404 2990 Lauri
450 2928 627 2989 bacas
665 2947 913 2990 numero
952 2927 998 2986 V
1037 2947 1111 2989 ex
1146 2935 1315 2989 aceto
1353 2935 1596 2989 contere
1634 2936 1737 2988 aut
1773 2934 2000 3006 septem
2037 2927 2251 3007 pilulas
2289 2938 2357 2987 42

136 3033 192 3075 so
221 3020 514 3079 stercoris
561 3019 789 3097 caprini
835 3036 906 3078 ex
954 3026 1121 3077 aceto
1173 3024 1301 3077 tere
1349 3024 1408 3077 et
1454 3017 1637 3079 fronti
1683 3015 1882 3077 inline.
1954 3015 2152 3077 Herba
2189 3019 2251 3077 in
2290 3027 2358 3076 43

218 3109 419 3187 capite
450 3113 678 3167 statuae
707 3105 1028 3168 cuiuslibet
1055 3107 1220 3166 nasci
1249 3104 1417 3186 solet,
1437 3123 1505 3166 ea
1535 3105 1917 3166 decrescente
1946 3105 2086 3168 luna
2115 3104 2251 3167 sub·

218 3195 338 3257 lata
387 3197 687 3275 capitique
735 3195 1140 3274 circumligata
1187 3193 1451 3255 dolorem
1490 3194 1670 3275 tollit3
1717 3195 2037 3255 emicranio
2075 3197 2252 3256 etiam

220 3284 550 3345 efficaciter
587 3283 880 3365 medetur,
927 3286 980 3344 si
1015 3285 1076 3344 in
1117 3300 1311 3363 panno
1350 3283 1483 3343 rufo
1521 3283 1641 3344 lino
1688 3283 1821 3344 rufo
1860 3282 2037 3362 ligata
2073 3285 2255 3362 capiti

220 3373 318 3433 vel
345 3373 717 3452 temporibus
746 3372 1035 3452 alligetur.
1091 3371 1371 3432 Radicem
1405 3372 1781 3451 atractylidos
1807 3371 2047 3454 herbae,
2076 3389 2254 3451 quam
2290 3384 2361 3431 44

138 3474 194 3515 35
223 3464 418 3523 nostri
473 3460 760 3523 carduum
816 3469 1057 3538 vocant,
1113 3460 1208 3521 vel
1263 3463 1392 3521 eius
1450 3479 1677 3521 ramum
1734 3460 1827 3521 vel
1873 3460 2082 3521 florem
2128 3461 2255 3520 acia

265 3682 268 3686 Δ
371 3657 403 3705 2
433 3649 634 3720 capud.
746 3654 778 3705 8
809 3649 980 3706 alnes.
1088 3655 1156 3704 28
1185 3648 1320 3702 ullo,
1432 3653 1499 3702 32
1529 3646 1853 3716 emigranio.
1950 3653 2019 3702 33
2046 3645 2255 3717 legata..

338 3749 656 3803 macutus,
680 3759 759 3790 nn.
788 3750 1098 3789 Hnnunzxcu.
1904 3739 1936 3788 3
