2575 4092
994 274 1070 285 —
1169 238 1475 303 229—

213 403 392 482 ciam‚
450 400 559 461 rba
606 400 840 462 Pontici
885 404 1266 463 semunciam.
1350 401 1536 463 Aloen
1584 412 1644 464 et
1690 403 2019 466 mastichen
2067 406 2245 467 simul

213 499 375 551 teres
423 497 485 551 et
530 488 824 550 cribrabis
870 490 1040 571 bene,
1087 491 1349 571 reliquas
1398 493 1628 572 species
1674 495 1737 553 in
1773 492 1892 573 pila
1930 493 2146 555 tundes
2185 506 2244 557 et

213 578 508 641 cribrabis
554 578 706 640 bene
755 586 816 640 et
861 598 1068 641 omnes
1113 588 1319 659 postea
1363 583 1425 641 in
1462 599 1651 643 unum
1689 582 2018 643 confundes
2056 591 2116 644 et
2153 602 2244 644 re-

211 685 402 747 pones
439 667 757 746 diligenter
784 670 848 728 in
875 669 1089 748 pyxide
1120 669 1566 751 qualicumque3
1604 689 1741 731 cum
1769 670 2028 732 volueris
2056 675 2244 753 potio·

159 776 187 817 5
215 775 354 817 nem
402 756 543 818 dare
590 758 809 818 iecoris
853 760 995 819 vitio
1043 756 1352 839 laboranti,
1399 761 1460 820 in
1508 758 1620 819 olla
1666 758 1759 820 vel
1801 759 2051 822 caccabo
2090 762 2244 843 rudi,

214 846 323 907 sed
387 854 659 926 excocto,
725 848 1092 925 quartarium
1158 847 1532 926 faenograeci
1595 848 1930 929 decoques3
1993 852 2244 929 primam

216 953 428 1013 aquam
474 935 707 1015 fundeS‚
754 954 889 996 cum
928 935 1158 998 fervere
1198 938 1480 1018 coeperit,
1528 944 1589 998 et
1626 937 1796 998 aliam
1835 937 2065 1019 fundes,
2108 958 2245 1000 cum

215 1023 495 1105 fervebit3
539 1026 779 1085 tertiam
826 1043 1050 1105 coques
1096 1025 1168 1086 ad
1214 1027 1423 1087 tertias
1470 1033 1530 1086 et
1567 1044 1823 1106 repones
1860 1044 1981 1107 νας,
2027 1028 2090 1087 in
2127 1045 2244 1106 quo

215 1112 287 1173 ad
335 1116 543 1175 tertias
589 1113 898 1175 decoxeris
945 1115 1181 1175 faenum
1229 1133 1527 1195 graecum,
1575 1133 1711 1177 cum
1754 1134 1899 1177 suco
1939 1122 2000 1176 et
2036 1134 2244 1177 umore

135 1221 190 1261 ιο
219 1220 329 1263 suo
376 1210 437 1263 et
481 1203 620 1263 inde
666 1204 971 1282 potionem
1017 1205 1081 1264 in
1128 1202 1371 1264 calicem
1418 1207 1621 1266 mittes
1667 1213 1728 1266 et
1773 1204 1954 1266 addes
2001 1204 2075 1265 de
2118 1205 2245 1285 pul·

215 1310 355 1352 vere
414 1310 596 1371 supra
643 1294 868 1371 scripto
915 1291 1183 1353 cocleare
1230 1292 1473 1372 plenum
1525 1301 1586 1355 et
1633 1294 1866 1373 quando
1913 1296 2129 1374 accipit
2175 1297 2244 1376 is,

215 1383 317 1442 cui
371 1381 733 1442 medendum
788 1383 929 1462 erit,
995 1381 1262 1460 digestus
1319 1389 1380 1442 et
1439 1383 1676 1443 ieiunus
1732 1385 1984 1462 accipiat
2038 1392 2097 1444 et
2153 1402 2246 1445 ac-

215 1477 447 1548 ceptam
494 1472 799 1549 potionem
846 1470 999 1530 bene
1045 1470 1294 1549 digerat,
1340 1473 1423 1531 ita
1464 1478 1549 1549 ut,
1597 1489 1735 1531 cum
1780 1470 2027 1552 biberit,
2074 1479 2244 1533 tenso

215 1558 462 1619 brachio
527 1560 736 1620 dextro
802 1561 991 1621 iaceat
1054 1561 1117 1618 in
1182 1561 1313 1638 ipso
1378 1559 1600 1640 latere,
1664 1567 1726 1621 et
1786 1559 1901 1620 hoc
1965 1578 2075 1640 per
2137 1562 2248 1622 tri·

132 1666 187 1707 15
218 1647 404 1708 duum
455 1648 729 1709 similiter
776 1649 976 1730 faciat3
1022 1647 1168 1708 haec
1214 1649 1380 1728 potio
1423 1649 1761 1709 iecoriticos
1800 1650 1975 1708 etiam
2013 1656 2246 1710 veteres

214 1738 367 1797 mire
415 1749 598 1798 sanat.

154 1817 169 1823 ⁸
393 1824 658 1907 Epaticis
712 1825 900 1887 herba
955 1833 1274 1887 centaurea
1331 1844 1404 1886 ex
1458 1827 1596 1886 vino
1652 1825 1893 1886 decocta
1954 1844 2022 1887 ac
2077 1829 2248 1905 potui
2284 1840 2351 1888 32

214 1916 434 1975 ieiunis
472 1914 604 1975 data
642 1915 892 1975 mirifice
932 1914 1264 1976 auxiliatur.
1321 1913 1555 1975 Herbae
1586 1916 1911 1976 vettonicae
1941 1916 2004 1974 in
2033 1915 2244 1977 umbra
2281 1929 2348 1977 33

215 2003 508 2064 arefactae
560 2002 756 2083 pulvis
811 2022 884 2066 ex
940 2022 1125 2084 aquae
1180 2003 1403 2065 calidae
1460 2002 1687 2082 cyathis
1747 2002 1981 2064 duobus
2044 2005 2245 2065 ieiuno

130 2112 187 2151 20
215 2094 524 2153 iecoritico
570 2095 740 2173 potui
786 2093 959 2154 datus
1005 2093 1316 2171 magnifice
1361 2093 1624 2172 prodest.

393 2180 562 2243 Potio
627 2181 1017 2265 saluberrima
1080 2181 1153 2242 ad
1217 2183 1482 2261 epaticos
1548 2199 1581 2241 a
1640 2179 1950 2242 Procliano
2015 2181 2245 2244 medico
2284 2195 2353 2245 34

215 2279 481 2332 ostensa:
529 2270 798 2331 Ficatum
843 2269 970 2351 lupi
1015 2273 1317 2350 integrum
1364 2271 1521 2332 foliis
1567 2270 1722 2331 lauri
1765 2270 2029 2332 involves
2066 2280 2127 2334 et
2164 2274 2247 2333 ita

215 2359 288 2419 ad
337 2359 522 2419 solem
559 2358 651 2420 vel
688 2360 761 2420 ad
799 2362 996 2437 ignem
1036 2359 1288 2421 siccabis
1326 2368 1388 2420 et
1426 2362 1713 2420 siccatum
1751 2359 2067 2439 diligenter
2107 2360 2246 2422 sub-

215 2446 350 2508 latis
388 2447 544 2508 foliis
582 2450 645 2508 in
681 2447 988 2526 pulverem
1026 2449 1293 2529 rediges3
1341 2466 1519 2527 quem
1562 2447 1868 2527 pulverem
1906 2451 1967 2509 in
2008 2448 2246 2511 vasculo

129 2554 186 2596 25
214 2536 406 2597 nitido
463 2536 727 2598 servabis
782 2546 959 2617 atque
1017 2556 1091 2597 ex
1146 2556 1216 2598 eo
1282 2536 1570 2598 coclearia
1636 2537 1754 2597 duo
1821 2555 1956 2597 cum
2020 2540 2245 2617 piperis

214 2627 417 2704 granis
465 2626 670 2687 decem
717 2628 875 2686 tritis
923 2626 1154 2687 adiecto
1201 2624 1373 2685 melle
1413 2627 1636 2704 optimo
1675 2625 2024 2705 despumato
2064 2645 2245 2705 quan-

213 2722 347 2774 tum
394 2715 650 2775 sufficiat
696 2733 832 2775 cum
879 2716 1121 2776 caroeni
1166 2714 1377 2794 cyatho
1423 2716 1486 2774 in
1532 2715 1773 2793 potione
1819 2716 2019 2775 ieiuno
2058 2714 2245 2798 dabis,

215 2821 395 2881 quam
441 2806 609 2883 prius
656 2803 816 2864 ferro
863 2803 1136 2866 candenti
1187 2803 1494 2865 calefacies
1541 2810 1602 2863 et
1638 2801 1955 2881 diligenter
1989 2806 2052 2864 in
2089 2822 2243 2864 mor·

215 2893 369 2952 tario
416 2891 808 2971 permiscebis
855 2893 1207 2971 sedentique
1254 2894 1319 2952 in
1355 2891 1508 2952 lecto
1547 2890 1731 2973 dahis,
1778 2893 1861 2953 ita
1899 2900 1967 2952 ut
2002 2900 2246 2971 accepta

128 2999 186 3040 so
214 2983 459 3060 potione
515 2984 838 3042 contractis
895 2981 1147 3062 genibus
1201 2981 1350 3040 hora
1403 2982 1633 3059 integra
1687 2982 1749 3041 in
1805 2981 2013 3041 dextro
2060 2980 2244 3043 latere

213 3071 406 3131 iaceat
451 3078 512 3130 et
555 3077 761 3148 postea
807 3071 902 3131 vel
945 3088 1063 3131 una
1108 3070 1254 3130 hora
1303 3068 1654 3130 deambulet.

396 3158 630 3219 Herbae
678 3159 970 3220 verbenae
1020 3159 1272 3219 solstitio
1320 3156 1506 3221 lectae
1547 3156 1841 3236 pulvis‚in
1880 3159 2247 3220 coclearibus
2285 3171 2351 3221 35

218 3249 486 3327 quinque
524 3266 660 3308 cum
697 3250 822 3308 vini
859 3248 1089 3308 Aminei
1127 3247 1354 3326 cyathis
1391 3245 1587 3307 tribus
1623 3249 1825 3308 ieiuno
1861 3249 2033 3326 potui
2074 3247 2245 3307 datus

211 3337 464 3398 mirifice
501 3335 766 3418 prodest,
814 3336 918 3397 sed
957 3355 1066 3415 pro
1107 3344 1295 3397 aetate
1335 3345 1438 3397 aut
1473 3336 1701 3396 viribus
1738 3337 1917 3396 unius
1955 3336 2246 3415 cuiusque

129 3442 186 3484 35
216 3428 522 3504 potionem
579 3424 763 3486 dahis.
853 3425 1024 3485 Asini
1075 3427 1243 3487 iecur
1299 3428 1507 3486 tritum
1567 3442 1705 3484 cum
1769 3422 2131 3503 petroselino
2187 3433 2247 3485 et
2283 3439 2352 3489 36

397 3620 426 3668 1
465 3613 571 3666 rha
605 3613 850 3684 Pontici]
889 3613 1203 3683 reupontici
1238 3614 1389 3668 Ptin.
