2575 4092
1008 204 1313 269 ——267
1413 237 1489 248 —

233 384 497 462 spissum
550 375 832 459 poculum
889 373 1083 434 detur.
1169 366 1470 427 Vessicam
1527 362 1746 423 relevat
1801 358 2041 421 coliculi
2095 359 2370 418 cocti104

234 489 387 551 aqua
431 471 634 532 triduo
683 485 714 526 a
760 465 959 525 ieiuno
1008 459 1227 537 iugiter
1273 463 1429 534 pota.

411 561 500 621 Ad
555 557 819 618 vessicae
870 552 1013 612 vitia
1059 544 1348 608 curanda:
1412 540 1643 620 Myrrae
1692 540 2053 600 semunciam
2100 535 2370 597 bene105

235 651 412 709 tritae
457 666 597 711 cum
643 642 824 705 mulsi
866 639 1089 701 veteris
1134 633 1363 714 cyathis
1408 630 1603 692 tribus
1646 627 1813 688 dabis
1850 645 1960 706 per
1995 625 2264 687 triduum

180 758 208 797 5
237 740 437 800 ieiuno
480 735 724 799 exeunti
760 731 961 793 statim
997 746 1031 787 a
1066 723 1320 804 balineo,
1365 723 1449 780 ita
1485 726 1569 799 ut,
1617 718 1760 778 dum
1798 716 2032 777 sabanis
2070 715 2263 794 operi-

235 839 355 911 tur,
403 824 669 906 singulos
714 823 779 882 in
826 819 984 880 diem
1031 812 1273 894 cyathos
1319 809 1498 871 bibat.

414 917 480 978 Si
531 918 597 977 in
653 910 881 972 vessica
934 902 1157 984 aliquid
1213 899 1517 961 molestiae
1574 896 1780 975 fuerit,
1845 895 1991 955 nitri
2044 892 2252 953 florem
2272 902 2372 952 106

236 1006 330 1067 vel
366 1009 421 1068 si
454 1005 565 1065 flos
603 1018 725 1062 non
760 998 961 1077 fuerit,
1006 996 1206 1072 ipsum
1241 991 1471 1050 nitrum
1508 992 1786 1047 conteres
1824 990 1885 1043 et
1922 1000 2060 1043 cum
2100 999 2270 1062 aqua,

238 1101 300 1157 in
357 1113 474 1174 qua
528 1088 767 1154 coliculi
819 1086 978 1148 cocti
1030 1082 1280 1153 fuerint,
1334 1079 1591 1156 vinoque
1646 1074 1843 1153 picato
1890 1070 1982 1132 vel
2029 1078 2269 1132 austero

157 1202 212 1242 ιο
240 1184 468 1246 rubello
525 1179 847 1243 durissimo
905 1172 1073 1235 dabis
1126 1167 1452 1230 bibendum
1506 1182 1616 1244 per
1671 1162 1939 1224 triduum
1994 1160 2088 1221 vel
2139 1159 2270 1221 diu-

239 1277 378 1355 tius,
427 1275 479 1334 si
523 1274 606 1332 ita
652 1284 803 1347 opus
851 1264 1057 1341 fuerit3
1104 1254 1686 1336 magnificentissime
1734 1251 2019 1330 proderit.

417 1361 617 1423 Prima
670 1357 806 1417 luce
860 1369 1013 1433 puer
1065 1349 1231 1426 virgo
1277 1361 1478 1405 rorem
1528 1342 1602 1403 de
1650 1339 1806 1401 foliis
1852 1337 2112 1401 caulium
2158 1347 2377 1399 ex-107

241 1470 487 1517 cussum
531 1452 596 1509 in
644 1463 794 1508 nova
839 1440 954 1503 olla
1000 1438 1280 1515 excipiat,
1337 1449 1457 1493 non
1510 1432 1709 1491 minus
1765 1430 2055 1490 sextarios
2104 1435 2270 1507 quat-

241 1554 406 1624 tuor,
464 1559 535 1601 eo
591 1536 813 1597 adicies
868 1527 1061 1591 mellis
1117 1523 1487 1605 quartarium
1542 1527 1603 1580 et
1656 1519 1815 1578 faeni
1869 1518 2068 1596 graeci
2116 1515 2270 1576 bene

158 1648 212 1689 15
241 1631 511 1695 mundati
558 1634 620 1687 et
662 1624 771 1684 loti
816 1618 1184 1700 quartarium
1231 1620 1294 1673 et
1329 1608 1649 1688 zingiberis
1686 1607 1892 1667 uncias
1929 1613 2055 1666 tres
2093 1611 2270 1683 atque

241 1727 326 1784 ita
380 1721 680 1795 decoques
732 1711 899 1772 horis
954 1704 1148 1768 trihus
1205 1709 1266 1762 et
1319 1699 1458 1760 inde
1514 1695 1840 1758 bibendum
1888 1693 2056 1755 dabis
2101 1711 2273 1754 mane

241 1813 444 1872 ieiuno
493 1802 787 1868 calculoso
828 1795 1198 1877 quartarium
1235 1796 1555 1868 tepentem.
1625 1784 1784 1845 Haec
1820 1785 1983 1863 potio
2021 1801 2130 1861 per
2168 1783 2274 1843 tri·

245 1902 430 1962 duum
478 1900 715 1972 sumpta
759 1902 1041 1949 mensura
1087 1879 1378 1960 quartarii
1424 1884 1483 1937 et
1528 1876 1818 1936 vessicam
1865 1880 1926 1933 et
1971 1871 2274 1934 reniculos

244 1999 305 2051 et
348 1986 634 2050 intestina
677 1977 976 2041 universis
1023 1967 1302 2032 sordibus
1347 1972 1580 2044 purgat.

160 2091 215 2131 20
423 2074 658 2153 Piperis
712 2084 894 2149 grana
928 2059 1132 2141 -V1111,
1197 2055 1466 2118 eiusdem
1519 2052 1806 2133 ponderis
1860 2049 2070 2130 sulpur
2124 2050 2267 2110 trita
2282 2060 2382 2112 108

247 2165 427 2230 simul
472 2166 537 2225 in
580 2162 718 2221 vino
762 2165 965 2216 vetere
1013 2148 1182 2211 dabis
1227 2144 1486 2207 bibenda
1520 2145 1722 2204 ieiuno
1762 2139 2077 2221 calculoso,
2125 2137 2279 2199 solet

247 2258 448 2319 statim
495 2249 823 2331 perniciem
860 2243 1202 2318 demovere3
1249 2237 1303 2295 si
1336 2242 1535 2295 tamen
1571 2231 1730 2293 ultra
1767 2230 1936 2291 dolor
1973 2229 2278 2307 manserit,

246 2351 470 2408 iterum
515 2338 683 2401 dabis
730 2332 985 2396 similem
1029 2329 1350 2407 potionem.

427 2430 649 2492 Pellem
695 2424 916 2504 leporis
962 2423 1266 2478 recentem
1313 2414 1376 2472 in
1413 2409 1527 2471 olla
1563 2408 1786 2470 munda
1822 2407 1912 2469 vel
1952 2405 2166 2485 tegula
2187 2407 2269 2466 ita
2284 2417 2385 2468 109

162 2536 220 2577 25
249 2542 389 2588 cum
431 2522 568 2581 lana
614 2533 719 2577 sua
767 2508 1103 2585 combures,
1148 2510 1216 2564 ut
1260 2503 1326 2561 in
1370 2500 1792 2561 tenuissimum
1840 2495 2149 2575 pulverem
2186 2513 2282 2554 re-

250 2616 457 2692 digere
512 2607 736 2688 possiS,
801 2615 979 2679 quem
1035 2591 1364 2655 cribratum
1419 2590 1483 2648 in
1538 2600 1695 2647 vaso
1738 2586 1927 2646 nitido
1990 2583 2281 2664 servabis3

249 2703 390 2765 inde
420 2716 560 2761 cum
588 2710 740 2774 opus
768 2689 966 2766 fuerit,
1003 2685 1119 2745 tria
1147 2678 1423 2742 cocliaria
1451 2679 1515 2737 in
1540 2677 1783 2756 potione
1813 2673 1980 2735 dabis
2008 2673 2284 2754 bibenda,

250 2809 405 2873 quae
461 2805 563 2849 res
621 2785 746 2844 sive
792 2774 1003 2839 calculi
1050 2774 1174 2833 sive
1219 2769 1485 2829 vessicae
1532 2763 1768 2825 dolores
1814 2765 2099 2825 continuo
2146 2779 2286 2822 con·

247 2882 463 2961 pescit.
556 2872 675 2935 Sed
729 2866 918 2931 multo
973 2861 1278 2943 potentius
1334 2857 1450 2917 erit
1501 2854 1859 2933 remedium,
1915 2854 1968 2913 si
2021 2851 2287 2930 leporem

167 2980 222 3021 3⁰
250 2973 455 3030 vivum
511 2967 574 3025 in
630 2960 745 3022 olla
801 2972 949 3017 nova
1006 2948 1247 3011 claudas
1304 2953 1366 3006 et
1424 2961 1606 3023 gypso
1668 2944 1864 3004 omnia
1924 2943 2288 3020 spiramenta

248 3060 410 3121 vasis
459 3053 735 3115 obstruas
782 3052 844 3106 et
886 3045 951 3103 in
998 3040 1174 3101 furno
1221 3052 1413 3114 usque
1461 3033 1534 3094 ad
1578 3031 1831 3093 favillam
1876 3032 2289 3092 tenuissimam

251 3162 490 3210 cremes
535 3143 860 3216 tritamque
908 3139 969 3192 et
1015 3126 1336 3189 cribratam
1372 3122 1662 3183 recondas
1704 3129 1881 3201 atque
1917 3120 2056 3182 inde
2095 3126 2290 3180 certas

252 3249 571 3299 mensuras
615 3231 680 3289 in
724 3225 966 3305 potione
1012 3217 1136 3277 vini
1182 3214 1395 3275 offeras
1442 3210 1755 3272 calculosis
1802 3216 1862 3269 et
1910 3210 2015 3288 qui
2051 3208 2290 3284 sangui-

252 3343 397 3388 nem
443 3322 749 3397 mingunt3
794 3312 945 3372 mire
993 3322 1096 3367 eos
1145 3301 1398 3364 sanabis.

445 3462 472 3511 1
506 3449 745 3509 colicoli.
837 3451 871 3500 8
898 3443 993 3500 vel
1020 3457 1122 3497 om.
1224 3444 1256 3493 9
1286 3434 1529 3492 colicoli.
1634 3438 1702 3488 14
1728 3432 1893 3488 verba
1918 3429 2075 3487 faeni
2100 3428 2293 3500 graeci

254 3535 405 3588 bene
432 3522 697 3582 mundati
734 3521 794 3575 et
827 3515 937 3572 loti
965 3510 1309 3583 quartarium
1338 3508 1399 3562 et
1423 3523 1525 3563 om.
1629 3509 1695 3558 17
1723 3505 1939 3571 tepens.
2041 3506 2110 3557 25
2140 3517 2291 3556 cum-

255 3606 446 3659 bureS.
594 3600 662 3649 28
701 3587 906 3646 calculi
941 3583 1166 3653 scripsi.-
1207 3577 1454 3635 calculis.
1602 3579 1669 3628 32
1707 3572 1997 3628 recondes,
