2575 4092
1011 206 1456 272 -65-

210 368 513 448 physica
579 367 888 429 diversa.
992 368 1080 429 Ad
1145 367 1420 431 lacrimas
1485 379 1546 431 et
1610 378 1876 433 tumores
1942 372 2250 437 oculorum
2290 388 2362 439 20

211 457 593 538 lippientium
651 456 1100 536 restringendos
1156 467 1556 520 atramentum
1616 463 1994 542 sutorioium,
2049 462 2108 523 id
2162 472 2255 525 est

211 545 635 607 chalcanthum
675 546 861 607 viride
901 549 1212 626 cyprinum
1252 547 1469 608 tundes
1508 557 1568 610 et
1605 547 1897 611 cribrabis
1936 560 1996 611 et
2034 551 2253 614 factum

217 634 632 695 mollissimum
681 634 987 713 pulverem
1033 654 1104 696 ex
1151 637 1247 696 ovi
1293 638 1513 697 incocti
1553 636 1704 718 albo,
1748 637 1808 699 id
1855 648 1947 700 est
1992 638 2253 722 lacrimo,

165 744 191 784 5
216 741 583 805 consperges
622 732 682 784 et
718 723 900 784 facies
937 722 1198 806 collyria,
1246 742 1398 804 quae
1436 726 1497 785 in
1540 725 1745 786 umbra
1786 726 2037 789 siccabis
2074 738 2252 810 atque

212 813 353 873 inde
401 812 714 893 palpebras
754 814 1009 892 inunges
1055 821 1116 874 et
1160 820 1429 892 tempora
1466 812 1698 877 inlines.
1774 814 1838 877 Si
1875 834 1946 877 ex
1985 828 2252 880 reumate

215 901 460 963 lacrima
511 901 818 964 abundans
864 910 981 981 est,
1036 903 1133 962 ovi
1177 900 1310 962 albo
1359 900 1671 982 collyrium
1718 905 2095 984 temperabis,
2188 907 2253 968 Si

212 990 511 1070 lippitudo
559 999 618 1051 et
665 992 969 1070 sanguinis
1016 990 1237 1053 infusIo
1285 998 1405 1070 est,
1452 1009 1525 1052 ex
1569 1001 1739 1054 aceto
1787 995 2145 1074 temperabis
2192 1006 2252 1057 et

213 1080 478 1158 desuper
524 1077 731 1140 oculos
777 1078 1175 1160 circumlineS,
1223 1081 1306 1140 ita
1356 1088 1421 1140 ut
1468 1080 1614 1140 nihil
1658 1083 1914 1144 interius
1955 1083 2030 1145 de
2069 1084 2252 1146 medi·

134 1189 187 1230 ιο
216 1170 448 1230 camine
488 1168 883 1249 ingrediatur3
922 1178 1187 1247 tempora
1227 1186 1464 1248 quoque
1501 1168 1758 1232 dolentis
1796 1171 2003 1233 eodem
2042 1190 2249 1253 super-

212 1258 384 1318 lineS.
475 1256 747 1319 Brassica
803 1256 987 1319 cruda
1044 1258 1182 1318 trita
1241 1274 1377 1318 cum
1424 1276 1575 1337 pane
1624 1259 1874 1321 candido
1921 1261 2249 1324 madefacto
2288 1274 2354 1324 21

214 1344 463 1407 subacta
518 1365 585 1407 ac
638 1346 823 1407 fronti
868 1345 1035 1407 inlita
1090 1346 1356 1407 dolorem
1412 1346 1722 1409 oculorum
1777 1349 2099 1429 plurimum
2157 1369 2250 1412 re·

215 1434 388 1497 levat.
478 1434 844 1496 Medicamen
900 1435 973 1495 ad
1021 1433 1261 1496 oculum
1308 1435 1535 1496 diutina
1583 1436 1937 1517 lippitudine
1986 1439 2078 1500 vel
2124 1442 2246 1519 epi·
2286 1453 2354 1502 22

214 1523 405 1603 phora
470 1523 835 1585 laborantem
891 1525 1251 1586 intrinsecus
1307 1524 1667 1585 curandum:
1732 1524 1971 1605 Lapidis
2026 1531 2250 1607 gagatis

135 1632 187 1673 15
219 1604 297 1699 9·
364 1612 444 1673 111
510 1612 764 1694 tundes,
841 1611 1131 1673 cribrabis
1206 1621 1266 1674 et
1331 1630 1480 1691 aqua
1547 1612 1788 1692 pluviali
1852 1612 1943 1675 vel
2011 1615 2250 1678 fontana

213 1719 606 1781 consparsum
662 1701 968 1782 pulverem
1016 1700 1306 1779 liquidum
1354 1701 1562 1781 facieS,
1623 1699 1838 1762 deinde
1884 1704 1947 1763 in
1994 1702 2250 1782 ampulla

213 1791 403 1850 vitrea
469 1808 751 1871 repones;
816 1808 952 1851 cum
1019 1807 1265 1850 necesse
1332 1788 1539 1870 fuerit,
1605 1791 1783 1868 pinna
1847 1790 2105 1870 aquilina
2160 1790 2250 1853 vel

215 1878 553 1940 columbina
601 1879 967 1940 laborantem
1014 1878 1253 1940 oculum
1301 1880 1627 1956 inungues:
1683 1897 1801 1957 quo
1847 1878 2003 1940 facto
2050 1889 2111 1941 et
2156 1899 2248 1943 ca-

214 1967 458 2046 liginem
497 1976 557 2029 et
591 1967 856 2029 infusum
885 1969 1232 2046 sanguinem
1262 1966 1569 2045 absterges
1598 1965 2030 2047 clarioremque
2061 1971 2250 2031 visum

132 2078 185 2118 so
215 2059 516 2121 restitues,
606 2056 853 2118 Dolores
908 2055 1217 2117 oculorum
1264 2063 1533 2136 tempore
1580 2055 1795 2116 hiemis
1842 2056 2060 2136 frigore
2109 2077 2244 2120 con-
2284 2072 2356 2122 23

216 2154 441 2207 tractos
489 2144 743 2225 qualiter
789 2163 1001 2206 curare
1049 2143 1293 2206 debeas:
1340 2143 1637 2206 Concham
1684 2163 1918 2206 aeream
1964 2146 2037 2208 de
2076 2146 2251 2209 melle

213 2234 350 2295 albo
390 2234 628 2301 abintus
665 2252 933 2314 perunge
972 2241 1154 2295 totam
1194 2233 1561 2313 eandemque
1598 2251 1776 2311 supra
1816 2245 2083 2313 gastrum
2121 2237 2251 2298 lotii

213 2322 404 2384 virilis
463 2342 535 2387 ex
591 2342 660 2385 ea
716 2331 910 2403 parte,
976 2340 1092 2402 qua
1149 2321 1321 2382 melle
1376 2322 1542 2383 inlita
1599 2330 1717 2402 est,
1782 2340 2121 2403 superpone
2176 2325 2249 2386 ad

212 2412 428 2473 lotium
485 2431 694 2473 versus
750 2421 812 2473 et
857 2429 966 2490 per
1012 2411 1139 2472 dies
1185 2409 1349 2470 XXX
1397 2410 1486 2471 bis
1534 2412 1593 2471 in
1641 2409 1736 2471 die
1783 2410 1992 2473 lotium
2040 2415 2252 2492 agitari

134 2520 185 2562 25
215 2502 424 2583 facito,
485 2510 549 2562 ut
594 2504 787 2562 omnis
834 2501 983 2561 odor
1027 2499 1120 2560 vel
1167 2499 1437 2560 acritudo
1482 2499 1614 2560 lotii
1659 2507 1720 2560 et
1766 2502 1956 2561 virtus
2002 2503 2131 2562 eius
2177 2502 2249 2564 ad

213 2590 334 2652 mel
390 2594 452 2651 in
510 2590 734 2651 concha
787 2589 1054 2669 haereat,
1109 2595 1317 2667 postea
1363 2587 1537 2649 rades
1584 2587 1869 2648 concham
1916 2591 2135 2672 ipsam,
2189 2590 2248 2651 id

215 2687 308 2740 est
356 2678 519 2758 quod
564 2678 737 2740 melle
783 2677 1019 2739 inlitum
1065 2676 1279 2756 fuerat,
1327 2684 1386 2737 et
1432 2695 1699 2738 rasuram
1742 2676 1959 2739 tundes
1997 2680 2058 2739 in
2095 2697 2250 2740 mor·

216 2770 368 2829 tario
418 2775 479 2828 et
525 2767 817 2830 cribrabis
863 2765 966 2827 diu
1014 2775 1074 2826 et
1121 2783 1376 2843 repones
1415 2768 1476 2827 in
1514 2764 1769 2844 ampulla
1806 2764 1897 2827 vel
1936 2769 2121 2828 vitrea
2159 2768 2249 2829 vel

214 2875 464 2938 cyprea3
511 2875 647 2917 oum
692 2874 935 2918 necesse
976 2855 1174 2934 fuerit,
1221 2872 1293 2914 ex
1331 2853 1503 2915 melle
1542 2853 1903 2934 temperabis
1941 2863 2002 2916 et
2037 2857 2249 2917 intrin-

134 2964 186 3005 so
215 2964 396 3008 secus
454 2944 693 3007 oculum
739 2962 1064 3025 perunges3
1121 2942 1390 3003 mirabile
1437 2942 1768 3004 remedium
1815 2945 2142 3023 experieris
2188 2946 2250 3005 in

212 3034 497 3096 omnibus
535 3034 721 3095 ferme
760 3033 1069 3094 oculorum
1099 3033 1276 3092 etiam
1305 3032 1676 3110 gravioribus
1707 3034 1917 3093 causis.
1977 3032 2250 3116 Gramen,
2289 3047 2359 3095 24

212 3123 376 3204 quod
422 3125 489 3184 in
538 3141 769 3184 summo
817 3121 1128 3183 trisulcum
1175 3120 1433 3201 habebit,
1480 3120 1865 3182 decrescente
1911 3121 2051 3183 luna
2097 3123 2249 3185 radi-

212 3215 373 3274 citus
424 3211 721 3273 sublatum
771 3229 945 3291 quam
991 3209 1317 3289 plurimum
1364 3228 1614 3292 repone,
1666 3209 1879 3270 deinde
1927 3229 1999 3272 ex
2047 3211 2250 3273 multis

212 3320 403 3362 unum
462 3303 805 3381 auspicante
867 3297 1219 3378 lippitudine
1275 3297 1347 3358 ad
1395 3298 1615 3360 collum
1662 3299 1916 3380 subliga,
1974 3299 2252 3361 celeriter

22 3480 25 3509 J

22 3512 25 3563 Ι
365 3513 393 3561 1
435 3472 718 3577 phoenica.
834 3513 864 3561 2
903 3506 1310 3575 refringendos.
1431 3511 1463 3558 3
1504 3503 1761 3560 cribabis.
1901 3510 1965 3558 11
2005 3504 2250 3560 candito.

220 3584 286 3633 17
324 3578 501 3647 pinna
538 3583 570 3632 1
584 3595 636 3633 m
671 3593 858 3648 penna.
894 3584 1012 3634 2m.

325 3676 653 3729 MAaonums,
681 3685 759 3717 nu.
788 3678 1100 3717 Hnmmmcn.
1900 3666 1932 3717 ὅ
1963 3710 1968 3714 .
