2575 4092
960 200 1389 264 -03-

180 363 362 422 ciatim
416 369 750 440 repertum:
815 361 1024 423 Cretae
1084 361 1315 424 Samiae
1369 361 1420 424 X
1459 361 1574 445 XI,
1629 365 1749 444 opii
1806 363 1857 426 X
1904 364 1983 446 X,
2047 365 2189 427 stibi

179 448 221 508 X
263 448 383 531 XL,
430 454 684 513 cummis
733 450 783 511 X
830 450 955 532 XX,
1003 451 1160 512 aloes
1207 451 1258 512 X
1306 451 1377 533 X,
1424 460 1704 514 teruntur
1749 452 1895 515 baec
1943 464 2002 515 et
2049 473 2186 516 con·

175 539 441 601 ficiuntur
482 559 555 601 ex
595 558 748 620 aqua
782 539 1049 620 pluviali„
1114 538 1456 621 Collyrium,
1494 541 1653 621 quod
1692 541 1899 604 habuit
1936 542 2186 606 Cosmus
2227 555 2292 605 14

174 627 424 690 medicus
467 631 629 690 inter
675 647 908 711 arcana,
952 631 1270 691 mirificum
1317 629 1389 691 ad
1438 632 1635 691 omnia
1672 631 1981 693 oculorum
2021 635 2185 695 vitia:

129 732 151 772 5
174 715 402 778 Acaciae
441 717 493 778 X
531 717 653 799 XL,
700 737 944 797 spumae
991 721 1223 797 argenti
1267 720 1446 780 tritae
1491 718 1643 780 bene
1683 728 1744 781 et
1777 719 1949 803 lotae,
1996 720 2185 783 donec

173 806 573 868 candidissima
620 815 682 868 et
726 806 1020 869 levissima
1068 808 1194 888 fiat,
1245 806 1297 869 X
1344 807 1477 887 XII,
1532 807 1761 887 plumbi
1808 811 1928 870 usti
1973 820 2033 870 et
2081 809 2187 871 loti

173 892 217 952 X
240 894 386 978 XVI,
428 895 595 957 stibii
622 895 675 956 X
704 894 801 978 XI,
844 904 1041 958 cretae
1082 897 1311 958 Samiae
1342 896 1394 957 X
1422 895 1559 979 XII,
1596 915 1873 959 cerussae
1905 897 1954 959 X
1982 897 2186 980 XVIII,

172 1000 446 1046 cornuum
503 988 883 1046 cervinorum
939 994 1212 1047 ustorum
1270 994 1332 1046 et
1378 985 1635 1048 lotorum
1683 987 1842 1066 quod
1888 990 2005 1048 erit
2050 1005 2185 1048 cau·

171 1070 527 1136 didissimum
567 1074 618 1134 X
656 1073 810 1154 VIII,
848 1092 1126 1154 squamae
1167 1076 1323 1136 aeris
1352 1073 1566 1156 XIIII,
1604 1077 1728 1156 opii
1764 1075 1816 1136 X
1845 1074 1978 1156 1111,
2017 1094 2185 1138 aeru-

105 1175 149 1216 ιο
171 1162 310 1238 ginis
353 1182 522 1226 rasae
564 1162 615 1224 X
653 1163 782 1244 VII,
828 1163 1188 1225 cardamomi
1233 1166 1517 1226 interiora
1565 1163 1614 1225 X
1663 1164 1743 1246 II,
1790 1164 2018 1245 lapidis,
2049 1165 2184 1227 bae·

168 1253 371 1312 matitis
407 1253 460 1313 X
499 1253 637 1334 1111,
683 1252 892 1331 lapidis
929 1254 1054 1313 fissi
1090 1252 1141 1313 X
1178 1251 1314 1334 IIII,
1353 1255 1665 1314 tamaricae
1704 1256 1949 1315 seminis
1978 1252 2029 1315 X
2058 1253 2184 1334 1111,

170 1343 313 1400 croci
349 1341 400 1401 X
429 1342 568 1422 1111,
607 1343 760 1402 turis
798 1340 849 1403 X
878 1341 1015 1424 IIII,
1051 1359 1290 1403 murrae
1331 1341 1383 1402 X
1412 1341 1544 1423 IIII,
1583 1342 1946 1422 opobalsami
1975 1343 2025 1404 X
2057 1342 2183 1422 1111,

169 1425 290 1506 lycii
331 1428 383 1489 X
428 1430 570 1513 1111,
626 1429 784 1492 aloes
832 1430 884 1491 X
930 1430 1063 1512 1111,
1108 1433 1261 1492 costi
1299 1430 1350 1491 X
1395 1430 1530 1511 IIII,
1577 1433 1802 1512 piperis
1850 1432 1967 1493 albi
2015 1432 2066 1492 X
2111 1430 2183 1513 II,

170 1517 377 1579 cicutae
439 1522 576 1582 suci
631 1519 783 1580 aridi
835 1519 885 1580 X
942 1519 1097 1600 VIII,
1161 1522 1515 1581 ammoniaci
1569 1527 1870 1598 guttarum
1928 1519 1980 1580 X
2036 1518 2182 1600 VIII,

102 1621 146 1661 15
167 1601 398 1668 bidellae
436 1609 489 1670 X
529 1607 687 1689 VIII,
735 1608 1033 1670 saliuncae
1077 1616 1363 1688 purgatae
1402 1607 1454 1668 X
1491 1607 1591 1688 VI,
1628 1610 1881 1670 cummis
1920 1607 1970 1668 X
2008 1606 2181 1668 XXV.

168 1690 454 1759 'feruntur
509 1698 659 1758 haec
717 1700 909 1759 omnia
967 1696 1282 1777 diligenter
1338 1715 1411 1758 ex
1467 1699 1603 1757 vino
1650 1695 1795 1757 Chio
1852 1715 1971 1758 non
2029 1695 2183 1757 salso

168 1792 387 1846 austero
443 1785 540 1848 vel
595 1805 668 1846 ex
727 1789 858 1847 vino
905 1786 1154 1848 Falerno
1202 1804 1271 1847 ac
1318 1785 1533 1847 deinde
1581 1785 1894 1847 confestim
1942 1784 2182 1864 collyria

167 1869 454 1950 finguntur
503 1883 567 1937 et
611 1877 674 1936 in
719 1874 930 1936 umbra
968 1878 1286 1952 siccantur,
1335 1875 1491 1954 quod
1532 1885 1592 1936 et
1629 1874 1701 1935 de
1739 1874 1868 1935 aliis
1905 1872 2182 1935 omnibus

169 1958 407 2041 collyriis
459 1964 768 2026 observari
813 1972 1066 2044 oportet.
1158 1964 1481 2044 Collyrium
1528 1963 1891 2026 acharistum
1937 1962 2179 2024 theodo·
2222 1973 2286 2022 ιδ

100 2061 145 2102 20
167 2048 298 2110 tium
344 2053 414 2115 ab
451 2055 751 2132 Antigono
796 2055 1104 2116 inventum
1139 2053 1211 2114 ad
1250 2071 1488 2114 omnem
1526 2052 1870 2133 epiphoram
1909 2060 1969 2114 et
2006 2070 2181 2113 omne

169 2138 359 2202 vitium
405 2141 738 2223 oculorum,
783 2145 1000 2222 accipit
1043 2143 1216 2205 haec:
1263 2142 1511 2204 Acaciae
1550 2141 1598 2203 X
1639 2141 1762 2222 XX,
1809 2141 1981 2203 stibis
2019 2139 2070 2202 X
2109 2139 2181 2222 X,

167 2231 312 2289 croci
363 2230 415 2291 X
463 2231 492 2291 Ι
540 2231 606 2314 S,
663 2231 820 2292 aloes
876 2230 928 2291 X
974 2231 1053 2312 II,
1107 2250 1346 2292 murrae
1397 2230 1445 2291 X
1491 2230 1570 2313 II,
1626 2230 1888 2293 cadmiae
1937 2230 1986 2292 X
2035 2228 2180 2310 VIII,

167 2323 402 2382 castorei
449 2323 747 2381 victoriati
793 2321 941 2381 duas
985 2323 1194 2381 tertias
1241 2329 1459 2401 parteS,
1506 2321 1627 2400 opii
1664 2319 1715 2379 X
1753 2319 1796 2399 Ι,
1842 2319 1980 2400 lycii
2020 2318 2071 2379 X
2109 2317 2180 2398 II,

166 2408 305 2467 aeris
359 2412 485 2471 usti
541 2408 593 2469 X
640 2408 799 2491 VIII,
854 2427 1132 2471 cerussae
1188 2408 1240 2469 X
1285 2408 1420 2489 1111,
1477 2409 1646 2470 nardi
1705 2410 1901 2487 spicae
1950 2407 2001 2468 X
2046 2406 2072 2466 1
2119 2415 2180 2467 et

99 2504 145 2545 25
167 2497 357 2558 tertias
403 2501 564 2577 eius,
611 2500 865 2559 cummis
911 2497 963 2558 X
1001 2497 1133 2579 XX,
1190 2497 1519 2577 palmarum
1565 2515 1699 2558 ossa
1754 2500 1878 2558 sive
1935 2495 2179 2557 nucleos

166 2591 317 2645 ustos
361 2587 417 2648 X
463 2586 653 2668 XXX,
705 2590 845 2648 trita
892 2587 1036 2649 haec
1083 2606 1154 2648 ex
1200 2605 1377 2667 aqua·
1399 2585 1713 2665 pluviatica
1761 2586 2177 2646 conficiuntur.

166 2666 556 2738 Monemerum
603 2675 910 2756 collyrium
959 2676 1197 2758 dicitur,
1243 2675 1402 2754 quod
1441 2675 1676 2736 dolores
1713 2676 1776 2735 in
1817 2677 2022 2754 inpetu
2065 2681 2177 2734 sta·
2219 2683 2284 2733 16

168 2760 264 2821 tim
305 2765 477 2848 tollit,
525 2766 841 2827 conficitur
888 2767 1006 2827 sic:
1066 2764 1322 2843 Lepidae
1366 2798 1440 2808 —
1483 2765 1527 2846 1,
1574 2765 1728 2824 aeris
1777 2765 1896 2824 usti
1943 2781 2177 2824 semun-

169 2849 321 2935 ciam,
363 2854 701 2916 haematitis
737 2887 826 2898 —-
862 2853 916 2934 1,
961 2872 1194 2934 myrrae
1223 2887 1312 2896 —
1340 2851 1391 2933 I,
1439 2854 1559 2933 opii
1598 2853 1979 2932 semunciam,
2015 2869 2177 2911 cum-

102 2947 146 2988 ³⁰
167 2939 269 2998 mis
320 2944 710 3004 semunciam:
771 2961 956 3003 unum
1010 2943 1125 3003 hoc
1182 2941 1492 3022 collyrium
1536 2940 1889 3002 mirabiliter
1934 2939 2179 3021 prodest

50 3098 51 3101 Ἴ
167 3022 268 3108 his,
319 3033 423 3111 qui
468 3034 778 3093 cicatrices
827 3050 945 3092 non
991 3031 1315 3111 habebunt,
1362 3050 1434 3092 ex
1490 3048 1599 3091 ovo
1646 3030 1910 3091 infusum
1958 3037 2019 3091 et
2063 3029 2177 3090 levi

169 3114 463 3181 admodum
512 3122 831 3200 agitatione
878 3123 1218 3182 contritum.
1311 3119 1399 3180 Ad
1446 3119 1803 3181 suffusiones
1849 3118 2177 3199 oculorum,
2218 3128 2283 3178 17

171 3219 301 3279 quas
329 3209 539 3270 Graeci
576 3209 1000 3290 hypochymata
1031 3209 1264 3271 dicunt:
1301 3208 1572 3270 Feniculi
1599 3210 1728 3270 suci
1759 3208 1968 3288 liquidi
2000 3207 2052 3268 X
2079 3206 2178 3287 111,

171 3296 516 3369 opobalsami
574 3296 624 3358 X
671 3298 779 3380 111,
834 3298 1026 3359 mellis
1071 3298 1255 3360 Attici
1304 3297 1353 3358 X
1400 3297 1504 3378 ΙΙΙ,
1561 3297 1676 3358 6161
1731 3298 1936 3358 viridis
1982 3294 2032 3355 X
2080 3295 2178 3374 III,

300 3439 364 3488 10
402 3434 683 3503 ematitis,
719 3437 846 3489 item
883 3439 969 3490 29.
1136 3438 1201 3487 13
1239 3433 1375 3488 licii.
1519 3432 1756 3501 peperis.
1905 3437 1972 3485 14
2010 3430 2176 3502 aridi]

172 3500 222 3550 et
253 3506 380 3559 erui.
519 3505 853 3561 hamoniaci.
984 3509 1051 3558 19
1089 3504 1318 3573 oportit.
1453 3503 1823 3559 theudotium.
1961 3508 2029 3556 23
2067 3504 2177 3556 ter·

170 3567 334 3629 tiasve
368 3575 532 3646 lycie.
604 3572 624 3593 ⁶
679 3582 745 3631 33
782 3577 1237 3647 hyposchemata.
