2575 4092
1072 240 1554 305 -266—

305 418 512 487 tutem,
559 406 834 466 adamans
877 404 1026 483 lapis
1064 405 1338 484 invictUS‚
1387 405 1490 482 qui
1528 422 1724 483 neque
1762 405 1899 482 igne
1938 422 2132 484 neque
2172 406 2339 466 ferro
2567 483 2568 488 ἵ

305 498 580 575 vincitur,
629 496 681 555 si
717 496 1003 572 sanguine
1042 494 1273 553 hircino
1312 493 1593 571 perfusus
1631 493 1830 573 fuerit,
1878 512 2015 553 mox
2051 494 2338 555 solvetur.
2567 507 2568 592 ἦ

195 603 265 651 96
482 585 570 645 Ad
615 585 877 644 vessicae
925 583 1191 643 dolorem
1247 589 1308 643 et
1363 583 1570 642 urinae
1626 581 2036 643 difficultatem
2085 583 2339 644 herbam

305 674 623 754 gladiolum
670 673 986 752 diligenter
1033 672 1245 752 fodito,
1300 680 1369 732 ut
1426 689 1661 732 omnem
1712 672 1976 733 radicem
2023 674 2151 734 eius
2197 672 2338 752 palo

302 766 498 844 ligneo
554 781 757 843 eruaS,
812 763 986 823 cuius
1043 761 1258 822 radicis
1316 762 1600 821 corticem
1658 760 1975 840 diligenter
2025 762 2396 823 nitidatams

305 852 557 914 siccabis
604 853 825 930 optime
873 859 935 911 et
980 859 1141 911 teres
1188 857 1367 928 atque
1414 849 1733 930 cribrabiS,
1788 858 1856 911 ut
1910 852 1972 910 in
2025 850 2337 930 pulverem

303 944 719 1004 tenuissimum
767 941 1019 1021 redigaS‚
1067 947 1244 1018 atque
1298 957 1371 999 ex
1418 958 1487 1000 eo
1534 939 1822 999 coclearia
1867 941 1984 999 tria
2028 941 2232 1001 mittes
2272 943 2338 1001 in

302 1034 654 1093 mortarium
701 1037 760 1091 et
804 1031 1031 1109 piperis
1075 1027 1194 1088 albi
1230 1046 1411 1107 grana
1440 1027 1595 1088 vnn
1633 1031 1773 1089 trita
1811 1036 1874 1089 et
1909 1047 2141 1108 myrrae
2182 1031 2336 1109 opti·

304 1141 396 1182 me
443 1123 619 1181 tritae
666 1118 949 1197 pusillum
997 1125 1058 1178 et
1101 1119 1223 1177 vini
1270 1119 1481 1197 optimi
1517 1114 1580 1177 ὃ*
1618 1117 1673 1177 Π
1719 1125 1896 1196 atque
1941 1117 2088 1179 haec
2134 1121 2338 1179 omnia

302 1214 365 1270 in
410 1227 607 1290 ‚unum
662 1205 1052 1286 permiscebis
1107 1215 1167 1266 et
1213 1214 1490 1266 conteres
1537 1224 1605 1266 ac
1650 1205 1945 1268 laboranti
1989 1208 2052 1267 in
2098 1206 2334 1289 balneo,
2366 1225 2419 1264 ιο

302 1299 363 1358 id
411 1306 503 1358 est
549 1315 687 1357 cum
733 1298 796 1356 in
841 1297 1132 1374 piscinam
1178 1295 1582 1375 descenderit,
1639 1294 1807 1356 dabis
1863 1295 2181 1357 bibendam
2227 1315 2335 1376 po-

302 1389 525 1447 tionem
573 1394 632 1446 et
669 1384 956 1466 monebis„
1002 1392 1071 1446 ut
1109 1402 1172 1444 se
1210 1393 1347 1463 post
1384 1384 1662 1445 balneum
1699 1384 2056 1446 calidissime
2093 1393 2331 1447 tractet.

300 1476 428 1537 Hoc
484 1476 873 1536 medicamine
922 1492 1030 1535 seu
1076 1476 1168 1533 vir
1213 1491 1323 1534 seu
1368 1473 1581 1534 mulier
1629 1491 1735 1534 seu
1782 1492 1934 1553 puer
1982 1492 2087 1536 seu
2134 1475 2337 1554 puella

300 1567 710 1646 potentissime
758 1563 1079 1625 sanabitur.
2567 1621 2568 1626 ,

191 1668 261 1718 97
479 1653 749 1715 Cocleam
807 1653 1090 1732 grandem
1146 1670 1325 1712 unam
1380 1653 1568 1712 vivam
1614 1652 1874 1730 prendes
1921 1659 1981 1712 et
2027 1654 2156 1713 eius
2203 1671 2334 1713 car·
2363 1670 2416 1711 15
2567 1629 2568 1698 l

184 1765 193 1770 ·
267 1761 438 1803 >nem
503 1745 726 1803 eximes
793 1760 860 1802 ac
921 1742 1105 1801 solam
1162 1749 1323 1801 teres
1387 1743 1450 1800 in
1516 1742 1799 1801 mortario
1864 1748 1925 1801 et
1979 1759 2116 1801 cum
2175 1745 2334 1804 aceti

303 1833 459 1892 acris
496 1830 851 1892 cocliaribus
899 1829 1094 1891 tribus
1141 1828 1309 1890 dabis
1355 1829 1672 1890 bibendam
1710 1837 1888 1909 atque
1926 1829 2040 1891 hoc
2076 1849 2186 1909 per
2223 1834 2332 1892 tri-

301 1922 484 1982 duum
523 1921 733 2002 facies3
767 1920 980 1981 deinde
1013 1920 1356 1979 intermisso
1394 1918 1613 1999 tridu0‚
1650 1920 1768 1979 nisi
1804 1922 2004 1980 statim
2033 1920 2334 1998 expulerit

300 2010 619 2091 calculum,
686 2009 957 2070 similiter
1012 2008 1343 2069 remedium
1410 2015 1471 2068 et
1525 2010 1578 2067 si
1632 2026 1875 2069 necesse
1932 2009 2138 2091 fuerit,
2202 2025 2331 2071 sae-

299 2102 435 2179 pius
473 2098 658 2159 dabis,
2362 2114 2417 2154 ao

190 2202 261 2251 98
477 2187 694 2247 Felicis
750 2186 1038 2264 radicem,
1094 2188 1364 2264 asparagi
1419 2186 1735 2266 sfongiam‚
1790 2188 1909 2264 apii
1962 2187 2226 2248 radicem
2272 2197 2338 2249 et

300 2275 712 2355 petrosilinum
753 2273 932 2334 simul
969 2273 1286 2352 diligenter
1323 2283 1483 2335 teres
1521 2281 1581 2335 et
1618 2277 1818 2335 ieiuno
1857 2275 2155 2337 calculoso
2191 2295 2335 2338 cum

192 2379 260 2428 99
302 2368 435 2426 vino
484 2363 653 2425 dabis
699 2362 1041 2425 bibendum.
1106 2362 1305 2423 Violae
1353 2365 1640 2424 erraticae
1686 2366 1947 2425 rusticae
1991 2366 2225 2427 radices
2273 2374 2337 2427 et

301 2456 419 2533 apii
473 2462 534 2514 et
588 2452 775 2513 violae
823 2453 1168 2513 coronariae
1224 2470 1429 2512 semen
1486 2471 1603 2514 una
1650 2455 1906 2514 contrita
1952 2462 2012 2514 et
2058 2475 2130 2516 ex
2178 2474 2337 2535 aqua

301 2542 487 2604 calida
543 2561 574 2603 a
630 2541 862 2602 balineo
920 2543 1203 2602 continuo
1269 2544 1441 2620 potui
1505 2541 1699 2603 oblata
1764 2542 2000 2604 dolores
2067 2547 2335 2606 vessicae
2365 2559 2419 2602 25

300 2634 418 2693 cito
465 2631 728 2711 abigunt.

198 2733 298 2782 100
479 2720 656 2799 Lapis
704 2738 777 2780 ex
822 2721 1049 2780 vessica
1095 2719 1355 2779 hominis
1403 2719 1668 2798 qualibet
1714 2723 2021 2790 curatione
2061 2721 2336 2784 sublatus

301 2812 354 2870 si
398 2818 629 2871 teratur
676 2816 736 2869 et
783 2827 853 2868 ex
902 2810 1023 2869 vini
1068 2809 1297 2887 cyathis
1345 2808 1539 2869 tribus
1586 2809 1881 2870 calculoso
1927 2814 2098 2889 potui
2137 2812 2337 2892 detur,

299 2900 523 2978 lapides
570 2899 830 2958 vessicae
870 2896 1164 2958 humanae
1204 2899 1441 2958 innatos
1480 2897 1800 2959 efficaciter
1841 2899 2164 2962 dissolvere
2204 2919 2334 2961 cre-

196 2998 293 3047 101
311 2988 487 3048 ditur.
562 2987 766 3048 Cimex
812 2986 1201 3048 foraminibus
1250 2995 1622 3048 veretrorum
1662 2987 2024 3049 confricatus
2063 2989 2336 3051 dolorem
2360 3004 2417 3046 so

195 3088 296 3137 102
312 3079 572 3137 vessicae
618 3077 893 3154 protinus
940 3075 1108 3138 tollit.
1177 3074 1417 3136 Vessica
1462 3078 1593 3154 apri
1638 3085 1802 3137 recte
1851 3077 2166 3140 adversum
2204 3097 2335 3140 ves-

301 3168 458 3226 sicae
506 3165 740 3226 dolores
787 3166 848 3224 in
898 3164 1032 3225 cibo
1080 3167 1364 3244 sumitur,
1412 3166 1493 3224 ita
1539 3172 1607 3225 ut
1659 3166 1875 3227 mulier
1921 3168 2194 3247 feminae,
2241 3170 2336 3229 vir

197 3264 295 3313 103
310 3254 560 3316 masculi
605 3261 815 3314 sumat.
885 3252 1268 3314 Nasturcium
1308 3255 1518 3313 tritum
1556 3272 1695 3313 cum
1731 3257 1868 3315 vino
1907 3255 2068 3317 dulci
2104 3256 2333 3318 cibario

300 3343 467 3404 dabis
505 3344 766 3404 vessicae
805 3341 1000 3401 taedio
1038 3340 1332 3401 laboranti
1366 3358 1476 3419 per
1513 3342 1783 3402 triduum
1815 3347 2000 3425 potui,
2040 3345 2146 3405 sed
2184 3348 2335 3407 satis

481 3553 510 3600 1
548 3546 670 3617 igni
701 3547 1023 3602 GornariuS.
1119 3552 1185 3602 15
1215 3546 1460 3617 prindes.
1561 3554 1628 3602 21
1660 3549 1874 3620 aspagi.
1968 3554 2037 3604 26
2066 3549 2335 3624 abigunt]

301 3616 525 3671 abeunt.
671 3624 739 3672 33
779 3622 1132 3675 summamat.
1277 3618 1630 3676 nastortium.
