2575 4092
248 603 401 653 22,

252 870 321 919 23

257 1403 327 1452 24

261 1935 329 1985 25

262 2201 332 2250 26

263 2643 331 2692 27

267 2819 335 2868 28

270 2910 336 2958 29

269 3176 338 3225 30

1126 285 1202 295 -
1299 249 1608 316 332-

357 429 782 491 supervacuam
830 429 1174 494 consumes3
1221 411 1326 473 sed
1373 412 1445 472 ad
1484 413 1797 472 sanitatem
1835 408 2388 477 lenioribusmedi-

358 502 644 561 camentis
689 507 896 579 postea
945 500 1256 581 perduces

535 587 804 650 Extalem
841 591 1020 650 nimis
1055 592 1495 669 prominentem
1531 590 1802 669 reprimit
1830 586 2191 666 gallinaceus
2219 585 2388 648 vitel-

356 678 479 757 lus,
535 679 588 737 si
640 684 848 739 coctus
895 680 1126 757 integer
1174 679 1246 740 ab
1295 680 1425 758 ipso
1473 696 1650 757 aegro
1695 676 1817 737 illic
1864 675 2090 738 calidus
2138 674 2384 735 adsidue

359 768 754 829 contineatur.
2412 778 2436 819 ⁵

537 855 626 916 Ad
682 854 912 917 fistulas
966 855 1280 917 vulnerum
1337 857 1400 916 in
1451 873 1564 915 ano
1609 853 1706 916 vel
1753 872 1901 933 quae
1948 858 2283 913 nascuntur
2327 854 2387 912 in

359 943 507 1005 locis
563 944 1094 1006 verecundioribus
1150 953 1346 1006 terrae
1401 942 1540 1004 mali
1594 942 1762 1004 radix
1821 949 2071 1003 contusa
2118 948 2181 1002 et
2225 941 2388 1001 fistu-

360 1033 450 1094 lae
506 1035 731 1094 inserta
785 1041 889 1094 aut
940 1035 1003 1093 in
1058 1034 1364 1113 pulverem
1420 1032 1659 1093 redacta
1715 1039 1776 1093 et
1821 1049 1959 1092 cum
2003 1032 2142 1090 vino
2189 1036 2389 1090 vetere

361 1124 632 1202 inspersa
687 1124 768 1182 ita
821 1122 1096 1202 prodest,
1154 1130 1220 1183 ut
1266 1121 1541 1183 celeriter
1588 1127 1904 1201 expurget,
1950 1118 2164 1190 solidet
2211 1126 2274 1179 et
2319 1118 2387 1178 ad
2541 1135 2542 1146 ¹

362 1228 600 1271 omnem
656 1213 966 1271 sanitatem
1021 1210 1339 1290 perducat,
1396 1211 1524 1271 sine
1581 1227 1697 1289 qua
1755 1227 1866 1269 nec
1922 1208 2140 1269 medici
2184 1207 2386 1268 huius·
2417 1223 2459 1263 ιο
2539 1157 2542 1308 l

363 1299 525 1360 modi
572 1316 781 1359 causas
828 1316 1039 1360 curare
1085 1307 1355 1378 possunt.

543 1385 882 1466 Tithymalli
928 1390 1164 1449 contusi
1210 1407 1422 1449 sucum
1470 1407 1545 1448 ex
1581 1390 1718 1449 vino
1758 1405 1939 1467 super
1976 1384 2234 1446 fistulam
2273 1384 2391 1445 vul-

365 1476 529 1536 neris
585 1477 929 1558 exprimite,
984 1476 1199 1538 deinde
1255 1477 1586 1538 fomentum
1635 1476 1981 1537 huiusmodi
2026 1473 2289 1555 alligato,
2332 1473 2390 1533 id
2541 1497 2542 1528 ι

366 1572 459 1625 est
504 1564 875 1627 marrubium
920 1568 982 1626 in
1030 1568 1231 1627 cinere
1279 1565 1467 1626 calido
1517 1565 1871 1644 subcoquito
1919 1571 1979 1624 et
2025 1563 2254 1624 adiecta
2301 1580 2389 1623 ve·
2541 1533 2542 1598 l

366 1656 697 1716 tustissima
755 1657 1005 1733 axungia
1063 1654 1166 1715 diu
1207 1653 1481 1733 -subigito
1542 1661 1601 1716 et
1652 1653 1834 1715 linteo
1881 1652 2117 1714 inlitum
2165 1651 2391 1712 calidis-
2417 1666 2464 1707 15

369 1744 583 1804 simum
641 1743 872 1804 fistulae
928 1742 1210 1822 adponito
1256 1751 1318 1804 et
1363 1751 1456 1804 ter
1501 1750 1605 1804 aut
1652 1749 1862 1822 quater
1907 1744 1971 1802 in
2018 1741 2112 1802 die
2159 1741 2392 1801 fervens

367 1830 737 1893 medicamen
783 1828 1085 1913 renovato,
1134 1833 1383 1893 mirifice
1428 1831 1715 1911 proderit.
2541 1887 2542 1906 ¹

547 1919 628 1981 Os
675 1920 1002 1982 humanum
1048 1929 1365 1982 contusum
1413 1928 1473 1981 et
1517 1922 1580 1981 in
1627 1919 1932 2000 pulverem
1979 1919 2392 1980 tenuissimum
2541 1917 2542 1998 1

368 2009 674 2071 redactum
733 2028 870 2070 cum
926 2010 1098 2071 melle
1152 2009 1388 2071 inlitum
1444 2012 1622 2070 etiam
1680 2009 1922 2069 duratas
1977 2010 2075 2068 ani
2130 2015 2192 2068 et
2250 2008 2393 2067 anti·
2541 2005 2542 2012 ’

371 2116 517 2177 quas
563 2098 793 2159 fistulas
840 2106 1032 2178 sanat,
1086 2100 1138 2159 si
1185 2117 1293 2178 per
1339 2098 1604 2160 triduum
1651 2099 2003 2158 continuum
2049 2096 2393 2174 adponatur.
2419 2111 2467 2150 ιο

549 2187 636 2247 Ad
693 2195 862 2248 nates
919 2186 1010 2247 vel
1063 2187 1337 2266 podicem
1393 2186 1729 2248 fistulosum
1785 2185 1899 2246 olei
1954 2186 2162 2264 optimi
2210 2191 2394 2245 sexta-

371 2276 558 2355 rium,
605 2274 916 2354 lithargyri
963 2274 1269 2348 selibram,
1316 2277 1617 2354 aeruginis
1664 2274 1903 2355 libram,
1949 2276 2105 2334 turis
2150 2272 2399 2334 masculi

372 2364 531 2441 nigri
577 2362 882 2439 selibram,
930 2365 1161 2425 resinae
1209 2363 1449 2446 libram,
1500 2363 1689 2425 mellis
1737 2365 1980 2424 sextarii
2027 2365 2209 2424 unius
2254 2380 2393 2441 qua·

371 2451 671 2534 drantem,
722 2455 875 2514 aceti
920 2450 983 2513 -Sr
1022 2452 1092 2513 Il.
1174 2452 1334 2514 Haec
1383 2455 1579 2513 omnia
1624 2455 1687 2513 in
1733 2451 1847 2513 olla
1892 2452 2030 2513 rudi
2078 2450 2258 2513 simul
2304 2451 2398 2511 de-

373 2558 594 2620 coques
641 2549 701 2602 et
744 2561 911 2603 more
959 2540 1265 2622 emplastri
1309 2542 1576 2603 induces,
2424 2555 2469 2596 25

550 2629 638 2691 Ad
658 2630 1139 2692 haemorrhoidas
1169 2648 1409 2711 eosque,
1440 2632 1544 2709 qui
1563 2587 1909 2708 sanguinem
1930 2629 2216 2711 deiciunt,
2234 2629 2401 2708 porri
2541 2643 2542 2708 χ

375 2736 558 2779 sucus
624 2738 941 2799 expressus
1000 2721 1201 2780 ieiuno
1258 2721 1427 2797 potui
1482 2719 1655 2779 datus
1720 2717 2208 2779 haemorrhoidas
2265 2735 2401 2778 con·

375 2809 542 2868 tinuo
582 2808 856 2870 desinere
895 2809 1052 2869 facit.
1115 2807 1311 2888 Adeps
1352 2810 1524 2886 cygni
1552 2806 2035 2867 haemorrhoidas
2063 2808 2403 2886 conprimit,

376 2898 430 2957 si
492 2905 596 2958 aut
664 2899 834 2975 potui
899 2897 1074 2958 detur
1129 2904 1232 2957 aut
1283 2894 1412 2956 loca
1468 2896 1606 2956 inde
1663 2902 1997 2973 tangantur.
2091 2894 2403 2974 Symphyti

375 2985 570 3067 radix,
627 3004 776 3065 quae
832 2985 1017 3046 herba
1069 2981 1300 3066 {Gallice
1355 2983 1526 3045 halus
1582 2984 1827 3064 dicitur,
1873 2991 1977 3045 aut
2022 2983 2401 3044 commandu-
2427 2998 2472 3039 so

376 3081 545 3134 catur
601 3082 703 3135 aut
757 3082 891 3135 usta
948 3083 1008 3135 et
1065 3076 1206 3135 trita
1262 3075 1325 3133 in
1383 3075 1624 3153 potione
1680 3073 1855 3133 datur
1909 3072 2226 3133 adversum
2270 3072 2403 3133 hae-

377 3163 749 3225 morrhoidas
787 3165 1034 3224 nimium
1073 3162 1457 3242 profluentes.
1525 3161 1824 3240 Sfongiam
1862 3162 2151 3222 marinam
2190 3178 2403 3222 exures
2541 3175 2542 3244 χ

555 3341 588 3389 3
633 3334 1041 3417 prominentem
1087 3332 1562 3415 reprominentem
1608 3333 1746 3401 (sic).
1965 3336 2032 3386 12
2088 3330 2401 3387 tithimalli.

346 3451 349 3454 ,
382 3412 447 3461 14
483 3405 806 3464 vetussima.
917 3412 984 3459 22
1023 3403 1349 3474 lithargyri]
1390 3403 1678 3474 epodagri.
1789 3408 1858 3457 23
1898 3401 2203 3458 sextarium
2234 3420 2402 3457 unum

377 3476 677 3546 quadrans·
850 3482 918 3532 26
955 3476 1364 3532 aemorhoidas.
1537 3481 1602 3529 27
1643 3472 1909 3556 expressi.
2070 3474 2238 3530 verba
2274 3490 2401 3528 con-

375 3549 535 3685 ἓιὲἔιο
573 3545 1014 3687 ᾱοξὲῑὲξὲἱιῖῗοίῡ.
1070 3546 1258 3618 Adeps
1290 3546 1455 3616 cygni
1481 3544 1940 3602 haemorrhoidas
1968 3561 2069 3601 om.
2171 3550 2243 3600 29
2281 3546 2403 3600 tan-
