2575 4092
1068 209 1549 274 —210—

292 374 555 435 libanum
595 380 817 434 semote
857 371 1229 432 tundendum
1274 379 1334 432 et
1377 372 1779 452 cribrandum,
1821 380 2022 432 storax
2060 373 2194 431 vino
2233 373 2320 431 in-

293 463 632 524 fundendus
690 469 748 522 et
803 461 1059 540 reliqua,
1117 479 1267 539 quae
1326 461 1679 521 remittenda
1738 469 1904 538 sunt,
1965 459 2126 519 lento
2183 462 2323 538 igne

292 551 572 612 solvenda
610 558 671 610 et
708 557 836 610 tum
874 549 1052 609 simul
1090 552 1285 609 omnia
1324 549 1753 628 permiscenda.
1825 548 1993 618 Quod
2025 548 2321 627 epithema

291 639 567 700 similiter
604 639 787 700 linteo
827 646 929 699 aut
966 638 1279 717 phoenicio
1320 637 1723 699 inducendum
1761 646 1821 697 et
1858 638 1944 697 sic
1983 637 2054 696 ad
2092 638 2323 697 viscera

292 728 709 808 adponendum
748 735 807 788 et
842 729 903 787 in
948 727 1156 787 horam
1184 726 1439 808 prandii,
1478 730 1529 786 si
1566 745 1684 786 non
1714 726 2063 806 fatigaverit,
2097 725 2321 786 haben·
2350 744 2377 784 5

292 817 453 898 dum,
499 819 581 878 ita
628 824 845 896 tamen,
891 824 960 876 ut
1007 816 1254 876 adverso
1302 824 1544 894 pectore
1593 814 1912 876 cuiuslibet
1948 816 2122 894 pueri
2159 822 2322 894 tepe-

290 907 512 967 factum
558 913 831 985 ponatur.

182 1005 286 1056 105
468 993 659 1054 Intiba
707 994 950 1054 decocta
996 994 1059 1052 in
1107 991 1241 1052 cibo
1293 1001 1529 1071 sumpta
1582 1000 1685 1052 aut
1731 1010 1939 1052 eorum
1985 1009 2135 1070 aqua
2180 999 2324 1069 pota

186 1096 289 1145 106
303 1082 674 1145 stomachum
719 1089 993 1160 purgant.
1084 1080 1346 1142 Herbam
1401 1083 1756 1141 vettonicam
1801 1099 2007 1141 mense
2053 1081 2321 1158 Augusto

290 1171 504 1231 lectam
552 1188 689 1231 cum
738 1171 965 1230 semine
1012 1177 1070 1229 et
1116 1169 1420 1231 radicibus
1468 1171 1610 1249 suiS,
1657 1169 1761 1230 sed
1810 1172 1937 1229 sine
1983 1168 2143 1228 ferro
2185 1187 2323 1229 eru-
2353 1189 2408 1227 10

289 1266 410 1320 tam
464 1259 784 1319 arefactam
839 1258 1153 1337 diligenter
1199 1267 1259 1318 et
1306 1277 1642 1338 excussam,
1696 1276 1773 1318 ne
1822 1265 2044 1318 terram
2087 1256 2323 1338 haheat,

289 1345 624 1409 contundes
673 1355 733 1406 et
779 1346 1060 1407 criblabis
1109 1365 1177 1406 ac
1223 1346 1487 1427 pulveris
1533 1349 1663 1407 eius
1705 1348 2039 1408 tenuissimi
2075 1346 2322 1426 cyathos

290 1437 442 1497 duos
489 1454 626 1496 cum
673 1454 859 1514 aquae
908 1437 1183 1496 sextariis
1230 1454 1335 1496 sex
1381 1438 1443 1496 in
1490 1435 1602 1496 olla
1648 1454 1796 1496 nova
1843 1435 1914 1496 ad
1961 1438 2171 1496 tertias
2219 1435 2319 1494 de-

291 1544 514 1605 coques
561 1524 853 1603 ollamque
900 1527 1088 1603 ipsam
1136 1532 1405 1603 opertam
1454 1523 1566 1584 suh
1609 1525 1743 1585 divo
1781 1526 2101 1604 repositam
2139 1523 2320 1583 habe-

286 1614 410 1695 bis3
475 1632 550 1674 ex
614 1632 729 1692 qua
786 1616 839 1674 si
895 1614 1128 1693 quando
1187 1612 1477 1674 stomachi
1532 1613 1777 1673 ardores
1842 1611 2322 1693 concitabuntur,
2350 1630 2406 1672 15

293 1703 582 1763 coclearia
621 1703 738 1763 duo
777 1710 880 1763 aut
916 1704 1032 1763 tria
1070 1701 1362 1763 laboranti
1399 1701 1724 1780 gluttienda
1764 1701 1949 1779 dahis,
1990 1703 2140 1761 mire
2181 1700 2320 1761 sub-

186 1803 287 1853 107
301 1794 522 1852 venies.
599 1790 834 1851 Herbae
880 1793 1212 1851 vettonicae
1259 1790 1634 1870 fasciculum,
1689 1790 1909 1850 herbae
1956 1800 2204 1869 nepetae
2250 1808 2321 1851 ac

290 1880 453 1960 pulei
497 1880 756 1958 virgulas
804 1880 1064 1958 singulas
1112 1886 1173 1940 et
1219 1879 1359 1939 salis
1405 1879 1709 1958 paululum
1758 1898 1894 1939 cum
1939 1880 2062 1938 vini
2099 1881 2321 1938 veteris

285 1969 543 2030 heminis
602 1967 797 2029 tribus
852 1971 914 2028 in
972 1967 1084 2028 olla
1135 1968 1271 2028 rudi
1318 1985 1509 2046 usque
1558 1967 1629 2027 ad
1675 1967 1970 2029 heminam
2020 1966 2321 2046 decoques

288 2067 347 2118 et
404 2059 605 2117 ieiuno
665 2056 1025 2117 stomachico
1082 2075 1254 2117 mane
1312 2055 1584 2116 cocliaria
1643 2056 1872 2135 singula
1927 2064 2028 2116 aut
2075 2074 2143 2115 eo
2192 2074 2322 2116 am-
2350 2076 2411 2115 20

284 2145 443 2223 plius
491 2143 675 2204 dabis.

180 2245 283 2294 108
466 2232 754 2302 Quotiens
794 2232 1084 2292 stomachi
1121 2251 1359 2293 morsus
1397 2234 1620 2294 sentire
1660 2234 1948 2311 coeperis,
1993 2233 2323 2312 glycyrrhi-

284 2340 386 2381 zae
435 2339 645 2381 sucum
694 2321 767 2380 de
816 2320 1058 2382 surculo
1106 2324 1234 2382 eius
1280 2321 1501 2383 trahite
1540 2329 1643 2382 aut
1677 2323 1867 2400 ipsam
1906 2321 2016 2382 sub
2052 2322 2322 2398 linguam

287 2410 357 2470 ad
415 2410 883 2489 magnitudinem
940 2410 1221 2470 cicerculi
1264 2410 1506 2489 habeto,
1556 2428 1666 2470 nec
1714 2409 1977 2470 dolorem
2026 2410 2324 2472 stomachi

179 2510 283 2560 109
297 2517 407 2558 nec
448 2501 609 2559 sitim
647 2501 886 2559 senties,
952 2497 1068 2559 Lac
1107 2497 1396 2560 bubulum
1424 2499 1689 2578 tepidum
1719 2500 2020 2559 incoctum
2059 2497 2321 2560 subinde
2351 2518 2411 2558 25

182 2594 603 2666 110sumptum
650 2587 1054 2648 exulceratum
1103 2605 1339 2666 quoque
1383 2587 1751 2648 stomachum
1791 2587 2034 2648 sanabit.
2100 2587 2321 2648 Coclea

285 2674 470 2735 cruda
518 2675 793 2736 devorata
840 2678 940 2757 ita,
988 2683 1053 2736 ut
1098 2675 1380 2737 dentibus
1427 2694 1546 2735 non
1597 2683 1890 2757 tangatur,
1942 2675 2322 2738 stomachum

283 2771 471 2840 curat,
509 2773 673 2825 certe
710 2764 1107 2847 languentem,
1146 2767 1197 2824 si
1233 2783 1343 2843 per
1378 2763 1642 2825 triduum
1674 2767 1759 2825 sic
1788 2772 2074 2845 sumatur,
2113 2783 2321 2825 emen·

177 2852 407 2913 ludat.
469 2852 727 2933 CocleaS,
766 2853 870 2912 sed
908 2871 1077 2914 veras
1110 2853 1436 2933 AfricanaS,
1474 2853 1741 2913 conditas
1780 2871 1852 2913 ex
1891 2853 2010 2914 sale
2049 2862 2108 2913 et
2133 2853 2321 2932 paulo

285 2940 402 3000 olei
440 2951 657 3022 coctaS,
696 2941 800 3001 sed
838 2960 958 3002 non
995 2950 1276 3020 purgatas
1316 2944 1420 3021 qui
1456 2943 1693 3002 ieiunus
1731 2949 1934 3010 ternas
1962 2949 2063 3003 aut
2092 2944 2316 3021 quinas
2347 2963 2411 3002 so

283 3029 525 3090 cottidie
575 3037 634 3089 et
672 3030 1018 3109 frequenter
1056 3033 1399 3113 sumpserit,
1436 3033 1740 3091 rarissimo
1779 3031 2068 3091 stomachi
2105 3031 2319 3092 dolore

281 3116 616 3199 vexabitur3
656 3128 818 3179 certe
858 3121 910 3179 si
948 3119 1308 3180 carbonibus
1346 3126 1535 3181 tostae
1565 3128 1893 3200 sumantur,
1931 3119 2143 3180 melius
2172 3139 2321 3200 pro-

176 3218 278 3266 112
293 3213 449 3269 sunt.
514 3205 578 3266 Si
617 3208 751 3285 quis
791 3210 1009 3287 cymini
1045 3210 1171 3269 triti
1210 3227 1281 3268 ex
1318 3208 1492 3269 melle
1531 3215 1699 3268 terna
1737 3208 2027 3269 coclearia
2064 3210 2322 3271 cottidie

279 3297 517 3356 ieiunus
564 3298 832 3377 accipiat,
881 3297 1168 3358 stomachi
1214 3296 1418 3357 dolore
1465 3298 1613 3357 mire
1662 3297 1904 3357 carebit.

459 3436 480 3484 1
526 3430 645 3487 vini
680 3431 1041 3486 infundenda.
1131 3436 1166 3484 4
1204 3430 1466 3501 phinitio.
1561 3438 1592 3486 9
1630 3434 1853 3501 purgat.
1959 3437 2023 3486 10
2061 3433 2316 3505 erutam]

279 3501 479 3554 erudis
684 3508 748 3561 18
785 3502 1094 3572 paulolum.
1296 3508 1363 3557 22
1404 3502 1712 3558 clicerizae.
1894 3509 1964 3557 24
2002 3503 2316 3560 cicericuli.

280 3573 348 3623 25
388 3570 554 3626 sitem
593 3573 780 3632 sentis.
926 3579 993 3628 29
1030 3572 1337 3643 paulolum.
