2575 4092
220 736 284 784 15

1096 207 1569 270 -222—

326 370 519 428 omnia
569 369 664 429 die
712 376 774 429 et
820 376 994 429 nocte
1042 369 1394 429 maceranda
1443 377 1599 429 sunt.
1684 369 2171 429 Terebinthinam
2210 387 2356 428 vero

326 466 386 517 et
441 475 639 517 ceram
696 465 757 517 et
811 457 1043 537 adipem
1100 457 1476 536 liquefactam
1533 460 1595 517 in
1650 476 1836 518 unum
1894 459 2114 518 ceteris
2171 457 2357 518 admi-

325 548 482 607 sceri
527 553 762 625 oportet
807 554 868 607 et
915 546 1128 606 deinde
1176 546 1450 606 manibus
1497 546 1830 607 diutissime
1887 546 2108 627 subigi,
2162 546 2358 606 donec

322 637 449 695 sine
496 635 820 695 offensione
868 635 1153 713 malagma
1200 636 1765 715 temperatissimum
1809 635 1926 696 fiat.

499 723 586 784 Ad
636 723 834 783 cordis
879 724 1118 802 pulsum
1166 727 1288 785 sive
1342 724 1774 784 salissationem
1820 726 2095 784 sucinum
2141 742 2359 784 verum
2388 745 2415 785 5

324 814 524 872 mittes
578 815 641 873 in
701 831 914 892 aquam
970 813 1297 873 ferventem
1358 821 1419 874 et
1482 812 1604 873 illic
1669 830 1801 872 esse
1861 814 2105 892 patieris
2172 820 2360 891 atque

323 901 460 961 inde
506 919 615 980 per
662 901 928 961 triduum
974 901 1268 962 laboranti
1316 900 1581 980 singulos
1628 901 1869 981 cyathos
1909 901 2254 982 tepefactoS‚
2305 904 2362 962 si

322 992 569 1050 nimium
610 992 726 1051 erit
764 991 970 1069 frigam,
1008 990 1176 1050 dabis
1212 990 1530 1071 bibendos3
1567 990 1682 1051 hoc
1713 989 2041 1051 remedium
2075 998 2136 1050 et
2163 989 2360 1051 homi-

322 1078 499 1138 nibus
547 1087 607 1139 et
652 1078 1003 1139 animalibus
1047 1079 1310 1157 prodest.

1135 1273 1296 1335 CAP.
1345 1273 1521 1335 XXII.

371 1386 481 1440 Ad
541 1385 754 1454 epatis
813 1385 954 1440 sive
1014 1386 1255 1442 iecoris
1315 1386 1480 1442 vitia
1540 1385 1768 1441 omnia
1826 1388 1896 1440 et
1952 1384 2306 1440 molestias

391 1473 744 1530 universas
781 1476 1084 1530 remedia
1119 1475 1543 1531 rationabilia.
1581 1476 1651 1529 et
1685 1474 1968 1544 physica
2005 1473 2276 1528 diversa.

1013 1565 1097 1619 de
1145 1563 1649 1632 experimentis.

493 1699 682 1760 Rutae
740 1700 1027 1761 silvestris
1082 1698 1383 1778 manipulo
1438 1702 1501 1760 in
1561 1697 1733 1760 ollam
1798 1716 2009 1758 novam
2068 1700 2351 1759 coniecto
2381 1720 2435 1759 10

317 1789 682 1867 decoctoque
739 1807 807 1848 ex
866 1789 1060 1849 tribus
1115 1788 1370 1848 heminis
1426 1806 1611 1867 aquae
1659 1788 1729 1847 ad
1777 1787 2073 1847 heminam
2121 1787 2353 1848 adicies

315 1877 506 1937 mellis
551 1877 764 1938 libram
810 1896 1140 1956 rursusque
1188 1877 1418 1937 fervere
1465 1877 1664 1958 facieS,
1712 1896 1783 1936 ex
1822 1893 1892 1936 eo
1927 1894 2037 1954 per
2073 1875 2352 1936 triduum

313 1968 514 2027 ieiuno
569 1969 740 2044 potui
795 1966 961 2027 dabis
1006 1968 1288 2027 iocineris
1334 1965 1536 2025 dolore
1589 1967 1771 2024 nimio
1817 1964 2126 2024 laboranti.
2207 1964 2353 2024 Hir-

315 2057 486 2115 cinus
543 2057 783 2134 sanguis
831 2054 1023 2115 adhuc
1081 2054 1279 2114 calens
1327 2072 1504 2133 supra
1553 2072 1776 2133 prunas
1823 2060 2104 2113 excoctus
2151 2062 2214 2113 et
2261 2056 2351 2114 ci-

314 2142 477 2202 batui
538 2142 710 2203 datus
776 2144 976 2202 ieiuno
1045 2145 1379 2203 iocineroso
1444 2143 1670 2203 mederi
1732 2142 2002 2203 traditur.
2093 2140 2349 2204 Viverra
2380 2163 2431 2204 15

213 2228 228 2238 ‘
312 2237 466 2290 tosta
510 2230 757 2308 porcelli
802 2230 1075 2290 lactantis
1121 2231 1295 2291 modo
1343 2234 1599 2292 inassata
1656 2238 1715 2291 et
1770 2231 1903 2292 cibo
1955 2230 2089 2291 data
2134 2232 2348 2292 ieiuno

235 3037 267 3085 5

309 2321 457 2378 mire
505 2320 838 2378 iocineroso
887 2321 1200 2380 succurrit.

487 2406 731 2485 Epatice
779 2415 1019 2486 experta
1070 2410 1182 2469 sic:
1229 2408 1406 2486 Piper
1444 2408 1642 2468 album
1682 2416 1741 2469 et
1777 2409 2085 2469 masticem
2126 2411 2347 2487 aequis

311 2497 684 2574 portionibus
722 2497 939 2557 tundes
979 2504 1037 2556 et
1075 2496 1354 2556 criblabis
1391 2515 1723 2575 rursusque
1760 2499 1822 2557 in
1857 2498 2141 2557 mortario
2171 2505 2345 2559 teres

309 2593 486 2662 atque
533 2587 615 2645 ita
662 2585 790 2645 oleo
829 2585 1091 2664 Hispano
1140 2588 1362 2663 optimo
1401 2586 1779 2667 temperabiS,
1826 2594 1893 2646 ut
1930 2588 2007 2647 sit
2044 2587 2342 2669 spissum3
2371 2607 2425 2645 20

308 2673 446 2733 inde
485 2676 774 2752 catapotia
813 2676 991 2734 facies
1031 2674 1434 2752 magnitudine
1474 2676 1686 2734 ciceris
1733 2693 1919 2754 eaque
1956 2677 2019 2735 in
2058 2675 2183 2735 sole
2222 2679 2339 2737 sic-

309 2762 488 2842 cabIS‚
527 2770 594 2822 ut
632 2762 980 2840 durescant3
1017 2771 1159 2823 tunc
1188 2764 1247 2822 in
1278 2763 1492 2842 pyxide
1521 2763 1809 2824 recondes
1839 2771 1899 2824 et
1927 2783 1998 2824 ex
2027 2763 2122 2824 his
2150 2783 2338 2825 unam

307 2850 548 2928 pilulam
596 2852 796 2911 ieiuno
843 2854 904 2911 in
949 2870 1058 2910 ovo
1097 2851 1305 2911 sorbili
1343 2851 1509 2911 dabis
1546 2851 1887 2933 adiciesque
1923 2870 2134 2932 parum
2174 2854 2339 2936 saliS,

306 2939 408 2998 sed
455 2957 564 3017 per
609 2939 874 3000 triduum
921 2939 1102 3000 dahis.

484 3028 731 3088 Tumori
783 3030 1064 3088 iocineris
1127 3029 1392 3107 adprime
1457 3029 1730 3089 medetur
1791 3029 1906 3090 hoc
1971 3029 2334 3093 remedium:
2363 3049 2420 3089 25

303 3114 507 3175 Inulae
553 3117 773 3177 radicis
809 3116 1022 3197 -ΙΙΙ,
1070 3136 1220 3195 quae
1259 3117 1481 3177 Graece
1530 3118 1750 3178 dicitur
1791 3117 2108 3198 helenium,
2154 3118 2333 3180 deco—

305 3223 453 3284 ques
501 3205 573 3264 ad
620 3206 844 3265 medias
889 3208 951 3265 in
999 3224 1184 3284 aquae
1232 3208 1505 3267 sextariis
1561 3207 1754 3267 tribus
1806 3216 1983 3286 atque
2028 3197 2333 3268 heminam

483 3364 514 3412 3
554 3356 765 3428 subige.
915 3365 944 3413 ’7
982 3358 1314 3428 tepefactus,
1460 3365 1492 3414 8
1528 3358 1720 3429 frigos.
1866 3358 2126 3415 hominis.

476 3430 589 3483 tit„-
631 3429 830 3499 epatis

481 3505 547 3552 13
575 3499 739 3569 potui
757 3501 957 3568 scripsi
966 3523 984 3554 .·
1011 3502 1222 3570 potum.
1296 3505 1359 3554 15
1377 3500 1707 3569 iocinoroso,
1727 3503 1853 3557 item
1877 3508 1957 3555 17.
2025 3507 2092 3556 22
2111 3499 2326 3571 pixide.

300 3573 368 3622 26
404 3569 638 3625 radices.
785 3569 1003 3626 Graeci.
1147 3577 1216 3625 27
1255 3587 1417 3640 aqua.
