2575 4092
1082 285 1158 296 ——
1255 248 1563 314 250—

313 409 491 471 simili
527 411 786 472 efficacia
825 414 1032 491 prosit,
1073 412 1392 473 dummodo
1430 412 1795 473 medicamen
1828 414 2075 491 septima
2107 411 2343 472 decima

312 498 449 560 luna
498 510 911 581 componatur3
958 519 1029 561 ex
1078 519 1147 561 eo
1196 519 1339 579 ergo
1386 501 1524 561 fimo
1573 509 1858 580 quantum
1906 502 2087 560 unius
2124 517 2343 560 manus

308 606 508 667 pugno
557 589 730 667 pleno
777 591 1045 667 potueris
1093 589 1626 669 comprehendere,
1671 589 1992 650 dummodo
2037 591 2213 667 inpar
2261 591 2345 649 sit

308 694 598 737 numerus
625 677 961 758 pilularum,
999 681 1061 739 in
1098 680 1451 739 mortarium
1485 680 1687 739 mittes
1716 687 1893 758 atque
1923 677 2144 737 adicies
2172 678 2342 755 pipe-

309 766 393 826 ris
431 783 611 844 grana
642 765 799 826 XXV
837 766 1286 846 diligentissime
1318 770 1473 847 trita,
1512 775 1657 828 tunc
1685 766 1866 827 addes
1895 764 2344 843 mellis-optimi
2368 781 2396 822 ⁵

308 853 602 915 heminam
651 864 712 916 et
756 857 879 916 vini
924 858 1228 917 veterrimi
1273 858 1483 936 optimi
1529 853 1593 916 ὃ*
1631 854 1684 914 11
1740 866 1799 916 et
1844 856 2120 915 contritis
2164 857 2340 933 prius

309 943 512 1021 pilulis
559 946 835 1005 universa
883 944 1163 1005 miscebis
1211 953 1271 1005 et
1318 962 1573 1023 repones
1619 947 1678 1005 in
1728 944 1965 1004 vasculo
2012 945 2221 1023 vitreo,
2271 952 2340 1004 ut

313 1050 449 1092 cum
509 1031 689 1094 fuerit
744 1051 894 1111 opus
950 1042 1221 1111 paratum
1268 1033 1487 1094 habeas
1533 1033 2028 1093 medicamentum
2076 1031 2147 1092 ad
2197 1032 2339 1093 sub-

307 1121 691 1201 veniendum3
747 1121 850 1181 sed
908 1129 976 1182 ut
1029 1124 1218 1182 maior
1273 1125 1353 1181 sit
1401 1122 1805 1182 medicaminis
1851 1121 2138 1199 efficacia,
2195 1121 2336 1181 luna

309 1211 557 1287 septima
606 1210 832 1270 decima
878 1209 1023 1271 illud
1069 1211 1262 1271 lacere
1303 1210 1549 1271 debebis
1587 1220 1648 1271 et
1685 1228 1822 1271 cum
1859 1210 2107 1270 daturus
2145 1211 2338 1269 fueris
2365 1225 2420 1264 ιο

308 1297 657 1378 remedium,
704 1317 735 1357 a
779 1298 872 1357 die
912 1297 1065 1359 Iovis
1103 1300 1300 1377 incipe
1339 1307 1399 1359 et
1438 1316 1547 1377 per
1583 1299 1710 1359 dies
1749 1306 1978 1378 septem
2015 1300 2334 1359 continuos

307 1384 461 1465 dato,
509 1386 587 1445 ita
637 1394 701 1447 ut
751 1388 853 1465 qui
901 1388 1318 1448 remediandus
1366 1396 1459 1447 est
1505 1396 1666 1447 stans
1708 1389 1771 1447 in
1820 1385 2075 1447 scabello
2124 1395 2333 1448 contra

309 1474 598 1535 orientem
647 1473 824 1535 bibat.
910 1475 1071 1545 Quae
1119 1478 1301 1555 potio,
1349 1478 1401 1536 si
1446 1477 1543 1556 ita,
1590 1483 1658 1536 ut
1704 1478 1994 1554 scriptum
2041 1483 2150 1555 est,
2197 1474 2333 1536 data

307 1569 366 1621 et
412 1563 721 1625 observata
768 1564 966 1643 fuerit,
1013 1567 1188 1626 etiam
1237 1567 1287 1624 si
1335 1563 1611 1626 omnibus
1658 1564 1925 1625 articulis
1963 1572 2023 1625 et
2060 1582 2205 1624 coxa
2243 1566 2333 1625 in·

306 1651 512 1711 firmus
541 1661 1003 1732 contractusque
1032 1653 1214 1714 fuerit
1241 1664 1302 1714 et
1328 1653 1629 1714 inmobilis
1658 1671 1725 1714 ac
1755 1652 2105 1731 desperatus
2133 1655 2332 1713 iacue-
2361 1666 2412 1707 1⁵

306 1741 401 1819 rit,
449 1758 694 1801 necesse
743 1752 851 1821 est,
898 1752 966 1803 ut
1011 1744 1259 1822 septima
1310 1742 1405 1802 die
1453 1741 1728 1803 ambulet.

198 1834 265 1884 22
483 1827 737 1890 Sciatico
775 1831 1104 1891 remedium
1138 1831 1615 1891 efficacissimum
1646 1833 1759 1891 sic:
1797 1830 2063 1891 Castorei
2090 1847 2329 1890 semun-

305 1916 472 1997 ciam,
519 1917 804 1999 pyrethri,
853 1921 1014 2000 nitri,
1061 1919 1313 1999 euforbi,
1360 1920 1602 1980 adarces
1650 1921 1858 1980 uncias
1896 1918 2173 1999 singulas,
2212 1917 2332 1979 olei

208 2029 209 2032 ¹
307 2007 537 2083 cyprini
576 2006 811 2089 libram3
860 2026 1010 2088 quae
1050 2008 1349 2069 tundenda
1389 2016 1567 2068 erunt
1604 2010 1821 2068 siccata
1859 2007 2076 2068 tundes
2114 2014 2174 2067 et
2213 2009 2329 2067 cri-

301 2091 504 2154 brabis
552 2103 612 2156 et
658 2098 745 2156 sic
791 2097 920 2156 oleo
969 2098 1213 2175 cyprino
1260 2096 1541 2158 miscebis
1588 2106 1646 2158 et
1695 2096 1991 2176 decoques
2035 2104 2214 2175 atque
2255 2115 2329 2156 eo
2359 2109 2410 2150 20

304 2182 695 2243 medicamine
743 2186 829 2244 sic
875 2187 1083 2264 uteriS,
1130 2194 1198 2245 ut
1245 2188 1554 2246 sciaticum
1600 2188 1892 2246 iacentem
1939 2188 2000 2245 in
2039 2184 2163 2245 sole
2202 2185 2335 2246 diu-

305 2271 534 2330 tissime
580 2272 871 2350 perfrices
915 2274 977 2333 in
1026 2290 1188 2353 coxa,
1237 2287 1414 2352 quam
1462 2274 1641 2352 dolet,
1686 2274 1901 2334 deinde
1941 2273 2013 2333 ad
2051 2272 2334 2334 balneum

306 2357 489 2418 ducas
536 2370 596 2419 et
640 2378 777 2420 cum
825 2360 1142 2442 sudaverit,
1189 2361 1524 2423 diutissime
1574 2362 1872 2441 conpellas
1918 2364 1981 2422 in
2019 2370 2174 2423 tosta
2214 2362 2330 2423 cal·

302 2445 463 2506 daria
512 2451 882 2512 commorari.

133 2593 141 2599 .
195 2540 264 2591 23
481 2535 568 2596 Ad
625 2556 907 2599 coxarum
965 2547 1025 2600 et
1078 2538 1418 2600 lumborum
1476 2538 1710 2600 dolores
1765 2538 1947 2599 herba
1996 2538 2329 2618 chamaepi—
2359 2550 2410 2596 25

195 2630 258 2678 24
302 2630 393 2701 tys
440 2628 695 2686 contrita
742 2645 813 2686 ex
859 2629 994 2688 vino
1031 2630 1199 2706 potui
1237 2627 1371 2689 data
1411 2627 1735 2706 plurimum
1773 2627 2033 2706 prodest.
2103 2626 2331 2688 Cucur-

301 2711 458 2772 bitae
506 2716 732 2775 semine
779 2718 1035 2777 contrito
1082 2718 1144 2776 in
1191 2716 1447 2777 ficulneo
1499 2716 1738 2777 vasculo
1794 2717 2022 2777 adiecto
2079 2715 2209 2776 oleo
2268 2724 2331 2778 et

301 2809 468 2862 aceto
526 2821 706 2864 coxae
762 2814 822 2864 et
876 2803 1062 2865 lumbi
1117 2805 1423 2884 perfrIcati
1480 2814 1757 2884 potenter
1813 2812 2115 2886 sanantur,
2169 2807 2330 2865 sicut

302 2894 706 2968 experimenta
752 2892 1102 2954 docuerunt.

195 2983 263 3033 25
480 2979 738 3060 Serpulli
775 2981 923 3043 aridi
957 2984 1193 3043 contusi
1232 2990 1293 3043 et
1329 2984 1392 3042 in
1430 2981 1734 3061 pulverem
1773 2983 2000 3043 redacti
2028 2980 2326 3061 scripulos
2353 2994 2405 3034 ³⁰

300 3073 425 3126 tres
463 3068 692 3129 adiecto
730 3070 962 3130 modico
1004 3070 1174 3131 melle
1210 3073 1507 3149 permisce
1550 3079 1609 3131 et
1657 3089 1727 3131 ex
1775 3090 1845 3131 eo
1892 3079 2017 3131 tres
2054 3069 2328 3149 globulos

301 3155 532 3234 aequali
566 3158 832 3236 pondere
870 3158 1045 3219 facito
1084 3167 1263 3238 atque
1303 3178 1374 3219 ex
1403 3159 1497 3220 his
1527 3159 1793 3238 singulos
1822 3178 1957 3221 cum
1987 3159 2165 3220 mulsi
2194 3177 2326 3238 cya-

301 3242 419 3304 this
466 3246 775 3324 tepefactis
820 3246 976 3307 binis
1013 3248 1212 3308 ieiuno
1250 3267 1359 3326 per
1396 3248 1664 3309 triduum
1702 3248 1855 3328 dato,
1892 3246 2328 3308 incredibiliter

300 3331 638 3395 lumborum
676 3335 867 3396 dolori
904 3335 1248 3416 medebcre;
1286 3337 1446 3416 quod
1486 3339 1538 3398 si
1573 3336 1674 3397 illo
1707 3337 1909 3397 triduo
1938 3355 2055 3398 non
2085 3338 2326 3416 penitus

302 3423 406 3499 qui
442 3421 669 3485 laborat
697 3423 880 3485 fuerit
907 3423 1232 3507 absolutuS,
1268 3428 1489 3486 iterum
1517 3444 1626 3505 per
1655 3425 1814 3486 aliud
1843 3425 2106 3486 triduum
2136 3423 2325 3486 dahis.
2353 3435 2406 3477 ³⁵

478 3615 544 3664 18
582 3610 837 3680 pirethri.
981 3612 1139 3668 niori.
1285 3620 1359 3669 30
1396 3613 1683 3684 scripoloS.
1832 3620 1898 3670 31
1936 3613 2210 3684 globolos.
