2575 4092
1049 241 1526 307 —181-

270 405 334 463 in
383 411 552 462 aceto
599 403 829 462 excocti
874 403 1002 464 triti
1049 411 1110 464 et
1154 403 1309 464 inliti
1357 412 1695 484 mentagrae
1734 405 2067 467 medentur.
2137 403 2300 467 Idem
2337 418 2371 467 4

271 498 536 570 praestat
582 490 755 551 ibisci
800 491 967 552 radix
1015 510 1150 553 cum
1197 491 1403 572 lupino
1451 499 1512 553 et
1559 499 1725 553 aceto
1772 493 1844 554 ad
1888 495 2095 555 tertias
2132 501 2302 555 cocta

267 589 333 641 et
389 579 674 658 adposita.
768 578 905 641 Flos
960 583 1108 643 visci
1153 600 1290 643 cum
1347 581 1506 642 calce
1559 580 1843 643 subactus
1889 591 1949 643 et
1994 583 2300 662 adpositus
2337 594 2370 644 5

272 676 613 747 mentagrae
661 667 827 729 valde
876 677 968 730 est
1011 669 1194 731 utilis·

215 774 244 816 5
451 757 540 818 Ad
586 759 944 837 inpetigines
990 758 1384 838 detergendas
1431 758 1681 820 farinam
1722 759 1847 819 ervi
1882 760 2124 822 mixtam
2163 778 2300 821 cum
2336 772 2370 820 6

272 857 443 907 aceto
481 847 830 925 frequenter
855 846 1141 909 inducito,
1206 846 1335 908 Olei
1367 849 1606 927 myrtini
1636 849 1843 908 uncias
1870 846 1963 929 VI,
1992 848 2108 909 olei
2144 848 2298 909 schi-
2339 860 2369 910 7

273 936 402 995 nini
449 943 551 996 aut
595 935 935 997 masticbini
980 937 1188 997 uncias
1237 943 1545 1017 quattuor,
1589 934 1898 1016 lithargyri
1946 939 2151 998 uncias
2200 936 2300 1019 111,

271 1022 566 1102 psimithii
612 1025 819 1084 uncias
857 1024 910 1086 11
956 1043 1094 1086 cum
1141 1026 1276 1086 vino
1324 1034 1525 1086 vetere
1573 1023 1751 1086 simul
1795 1031 1956 1085 teres
2003 1033 2063 1086 et
2104 1024 2299 1086 oleum

272 1114 474 1173 statim
522 1120 726 1191 postea
774 1115 973 1175 mittes
1010 1122 1070 1175 et
1107 1113 1423 1193 diligenter
1458 1112 1848 1194 permiscebis
1887 1122 1946 1175 et
1983 1115 2070 1175 sic
2112 1116 2302 1175 uteris

188 1217 248 1258 1o
276 1201 346 1262 ad
394 1202 757 1280 inpetigines
802 1200 1136 1264 abolendas
1220 1202 1307 1263 Ad
1363 1204 1720 1282 inpetigines
1775 1203 2168 1283 detergendas
2223 1203 2300 1264 la·
2338 1211 2371 1260 8

273 1289 441 1370 pathi
487 1290 719 1351 radices
765 1309 901 1351 cum
950 1298 1116 1352 aceto
1164 1309 1387 1370 coques
1442 1291 1514 1352 ad
1571 1294 1777 1353 tertias
1833 1301 1892 1354 et
1942 1294 2004 1353 in
2052 1310 2123 1354 eo
2168 1293 2300 1354 iure

273 1381 495 1439 iterum
552 1397 784 1458 oryzam
841 1380 1156 1459 discoques
1212 1388 1272 1441 et
1329 1382 1415 1441 sic
1467 1380 1540 1441 ad
1588 1380 2036 1459 perducendum
2081 1400 2300 1461 corpus

273 1470 484 1528 uteris,
576 1466 927 1529 Cucumeris
985 1469 1234 1530 silvatici
1291 1468 1524 1529 radices
1579 1469 1650 1529 ad
1714 1471 1924 1530 tertias
1982 1469 2301 1549 discoques
2338 1476 2370 1526 9

276 1574 495 1636 easque
552 1556 828 1618 decoctas
883 1565 1042 1618 teres
1097 1556 1413 1636 diligenter
1465 1564 1526 1618 et
1572 1557 1753 1618 addes
1799 1555 2186 1637 lithargyrum
2233 1576 2301 1620 ac

184 1659 246 1702 ιε
276 1645 528 1724 sulphur
576 1645 805 1724 aequali
851 1664 1131 1707 mensura
1178 1653 1239 1707 et
1284 1663 1457 1707 cerae
1505 1663 1715 1725 parum
1762 1651 1939 1724 atque
1979 1645 2118 1707 inde
2155 1646 2302 1729 loca,

190 1784 202 1805 „
275 1752 427 1813 quae
473 1735 736 1814 inpetigo
784 1736 1030 1816 ceperit,
1076 1733 1447 1814 perfricabiS.

451 1823 539 1883 Ad
578 1822 876 1884 scabidam
913 1824 1302 1904 inpetiginem
1337 1821 1561 1883 scillam
1591 1820 1783 1883 albam
1812 1824 2031 1883 sumito
2061 1831 2123 1885 et
2148 1822 2300 1886 bene
2341 1830 2406 1879 10

272 1912 626 1973 contundito
674 1930 858 1993 eaque
905 1913 1294 1991 inpetiginem
1340 1910 1575 1972 inlinito
1634 1920 1694 1971 et
1743 1911 2096 1972 adsiccatam
2134 1920 2301 1975 aceto

272 2003 399 2061 acri
454 2002 638 2062 mixto
695 2001 813 2062 sale
869 2000 1081 2082 eluito,
1135 2000 1351 2062 deinde
1408 2017 1616 2080 spuma
1663 2001 1893 2079 argenti
1947 2008 2195 2062 contusa
2242 2009 2303 2063 et

183 2101 246 2142 20
274 2107 409 2150 rosa
465 2090 685 2168 liquida
741 2092 1104 2169 perunguito
1160 2098 1221 2151 et
1275 2108 1412 2152 cum
1468 2089 1832 2150 adsiccatum
1888 2089 2070 2151 suerit
2119 2091 2301 2152 medi-

272 2186 639 2258 camentum,
685 2197 953 2261 rursum,
1002 2187 1069 2240 ut
1114 2197 1295 2259 supra
1343 2179 1618 2260 diximuS,
1664 2185 1830 2239 aceto
1878 2177 2031 2239 salso
2078 2178 2300 2242 abluito

273 2275 452 2346 atque
498 2269 719 2328 iterum
766 2269 969 2329 eadem
1017 2270 1246 2330 ratione
1303 2267 1529 2329 scillam
1583 2268 1785 2330 tritam
1840 2267 2074 2330 inlinito
2120 2269 2300 2349 idque

272 2356 607 2417 remedium
644 2356 992 2437 frequenter
1027 2359 1260 2437 iterato,
1303 2355 1493 2417 donec
1530 2356 1600 2417 ad
1643 2359 1953 2418 sanitatem
1989 2357 2300 2437 perducas.

271 2443 431 2506 Picis
476 2443 737 2524 liquidae
780 2447 1037 2525 optimae
1075 2444 1382 2506 acetabulo
1421 2446 1526 2505 uni
1563 2444 1728 2505 adice
1767 2445 2017 2506 farinam
2053 2446 2299 2508 hordea·
2340 2450 2403 2500 11

180 2543 242 2586 85
271 2551 439 2594 ceam
495 2541 556 2595 et
610 2536 834 2596 nitrum
886 2541 946 2595 et
993 2534 1191 2615 apium
1237 2535 1450 2594 tritum
1497 2540 1557 2594 et
1604 2532 1857 2612 sulphur
1903 2535 2110 2613 aequis
2154 2552 2298 2614 pon·

269 2621 518 2684 deribus
574 2643 641 2685 ac
697 2623 1065 2703 supersunde
1125 2625 1277 2684 aceti
1334 2620 1452 2682 albi
1502 2623 1779 2683 acerrimi
1829 2621 2132 2684 acetabula
2180 2624 2299 2685 duo

270 2719 334 2772 et
376 2713 439 2772 in
485 2714 683 2791 patina
730 2711 996 2791 decoque
1043 2710 1221 2772 simul
1266 2730 1335 2772 ac
1380 2717 1586 2790 postea
1632 2709 1888 2771 calidum
1930 2711 2300 2774 medicamen

237 2800 454 2871 ‚linteo
500 2801 767 2862 inducito
816 2809 875 2862 et
923 2802 1008 2861 sic
1056 2801 1296 2879 corpori
1342 2799 1650 2879 adponit03
1697 2816 1816 2859 non
1856 2798 2048 2862 solum
2085 2803 2299 2880 inpeti-

268 2890 471 2969 ginem
517 2890 629 2950 hoc
675 2889 959 2972 remedio,
1007 2888 1111 2950 sed
1164 2896 1223 2949 et
1268 2887 1496 2967 lepram
1542 2886 1778 2948 sedabis
1827 2895 1886 2948 et
1933 2887 2209 2950 scabiem.

181 2988 240 3029 ³0
449 2976 841 3058 Inpetiginem
883 2979 1148 3058 quamvis
1186 2980 1575 3043 inveteratam
1613 2977 1731 3037 cito
1770 2974 2049 3058 abolebiS,
2090 2980 2143 3038 si
2180 2979 2296 3040 fae·
2339 2983 2410 3033 12

271 3065 406 3127 cula
442 3069 582 3150 vini,
620 3085 734 3146 qua
773 3068 1062 3128 tinctores
1099 3073 1372 3147 utuntur,
1411 3083 1548 3126 cum
1586 3082 1735 3144 aqua
1773 3067 2065 3145 permixta
2101 3066 2299 3130 locum

268 3158 651 3238 perunxeriS,
705 3158 784 3217 ita
833 3164 927 3236 ut,
974 3155 1115 3216 dum
1163 3155 1591 3234 quinquaginta
1637 3172 1944 3236 numeras,
1998 3155 2118 3218 illic
2166 3176 2297 3220 esse

268 3246 581 3323 permittas
641 3252 701 3306 et
756 3247 1040 3306 continuo
1097 3242 1459 3324 destringas;
1518 3260 1652 3303 nam
1710 3244 1762 3304 si
1816 3244 2043 3306 diutius
2098 3246 2296 3327 fuerit,

269 3332 447 3394 altius
475 3397 478 3400 ,
502 3336 591 3395 vis
648 3335 778 3395 eius
832 3333 1051 3394 insidet
1104 3340 1167 3393 et
1216 3332 1389 3393 ulcus
1435 3332 1657 3411 grande
1703 3332 1896 3394 faciet.
1989 3331 2297 3396 Glutinum
2335 3340 2402 3391 13

181 3438 239 3481 ⁸5
267 3425 575 3483 taurinum
631 3431 798 3484 aceto
853 3424 1171 3484 remissum
1225 3421 1456 3483 adiecto
1514 3419 1743 3481 sulfure
1797 3423 1929 3481 vivo
1983 3420 2105 3483 leni
2158 3425 2296 3502 igne

267 3510 602 3591 decoctum,
647 3514 730 3573 ita
777 3520 844 3572 ut
891 3512 962 3573 ad
1008 3509 1200 3572 mellis
1246 3508 1702 3571 crassitudinem
1739 3508 2121 3593 perducatur,
2167 3531 2296 3573 sur-

268 3598 526 3680 culoque
573 3599 819 3682 ficuln0,
867 3600 1008 3661 dum
1056 3600 1354 3679 coquitur,
1401 3599 1686 3675 agitatum
1730 3615 1797 3658 ac
1843 3596 1937 3657 bis
1982 3617 2092 3678 per
2138 3601 2294 3662 diem
