2575 4092
190 502 259 552 46

188 946 256 995 47

194 1567 264 1616 48

194 2188 262 2237 49

196 2631 266 2680 50

197 2987 265 3036 51

198 3254 264 3304 52

1070 233 1551 297 —200—

297 401 477 461 minis
533 401 661 459 triti
709 390 788 483 ,9-
827 396 907 456 111
964 403 1024 457 et
1068 396 1335 457 lactucae
1382 396 1546 456 albae
1594 396 1836 455 seminis
1883 397 2012 456 triti
2059 394 2332 456 cocleare

299 507 512 570 unum3
557 488 701 548 haec
748 505 900 566 aqua
945 488 1239 565 permixta
1274 487 1514 546 ieiunus
1553 486 1820 565 accipiat,
1856 484 2122 563 prodest.
2197 484 2332 546 Sto-

296 578 571 639 machum
621 575 977 638 conroborat
1023 573 1209 635 herba
1255 573 1527 635 absenthi
1576 573 1818 634 decocta
1867 592 2005 634 cum
2042 575 2179 633 vino
2228 593 2331 635 au-

299 674 460 728 stero
509 675 687 745 atque
734 668 814 727 ita
864 663 1116 725 subinde
1163 673 1321 743 pota,
1372 665 1425 724 si
1479 661 1676 723 febres
1730 681 1851 723 non
1906 671 2113 744 erunt3
2169 664 2329 742 quod

299 758 351 817 si
413 755 767 835 inquietudo
841 754 1052 833 fuerit,
1127 771 1263 814 cum
1339 771 1490 831 aqua
1559 753 1734 830 coqui
1799 761 1859 812 et
1923 752 2053 812 dari
2118 752 2327 813 debet:
2357 768 2384 810 5

296 847 518 906 mirum
562 853 673 906 est.

474 934 564 994 Ad
603 932 854 993 olitanos
901 931 1193 993 stomachi
1239 930 1475 991 dolores
1529 929 1815 1008 malagma
1862 931 1950 990 sic
1997 948 2330 1009 conpones:

299 1022 483 1084 Faeni
528 1024 729 1101 graeci
767 1020 1061 1101 cyathum,
1106 1020 1215 1080 lini
1257 1021 1501 1080 seminis
1539 1017 1833 1098 cyathum,
1879 1017 2053 1079 ibisci
2090 1022 2331 1097 purgati

300 1111 361 1173 P.
410 1111 462 1192 1,
520 1128 705 1190 aquae
762 1107 824 1169 θ
873 1108 1054 1188 VlIlI,
1112 1108 1228 1168 olei
1282 1106 1345 1168 θ
1391 1107 1526 1188 1111,
1585 1125 1828 1185 spumae
1885 1110 2115 1186 argenti
2171 1108 2231 1168 P.
2285 1108 2330 1190 I,

300 1217 579 1260 cerussae
620 1198 680 1259 P.
719 1198 762 1278 1,
810 1216 981 1258 cerae
1029 1197 1092 1258 P.
1129 1197 1155 1257 Ι
1196 1197 1253 1259 S.
1329 1197 1487 1257 Haec
1525 1198 1721 1257 omnia
1756 1199 1816 1256 in
1856 1215 2044 1257 unum
2083 1215 2330 1259 concor·
2361 1215 2418 1254 ιο

298 1287 541 1367 porabis
590 1295 650 1348 et
687 1287 984 1365 decoques
1023 1294 1084 1346 et
1121 1305 1258 1347 cum
1298 1285 1581 1364 malagma
1619 1286 1852 1366 feceriS,
1899 1287 1961 1345 in
2007 1304 2204 1364 panno
2243 1288 2334 1346 in-

302 1378 487 1438 duces
534 1385 595 1437 et
641 1375 944 1437 stomacho
989 1375 1251 1454 adpones
1292 1384 1351 1436 et
1387 1377 1547 1435 circa
1584 1377 1813 1435 viscera
1851 1383 1971 1435 tam
2012 1375 2115 1436 diu
2152 1375 2333 1437 habe·

299 1467 393 1527 bis
440 1472 501 1526 et
546 1472 668 1526 tam
714 1465 958 1525 adsidue
1006 1464 1284 1544 adponeS,
1333 1464 1521 1524 donec
1568 1461 1738 1524 dolor
1783 1463 2079 1525 abscedat.

481 1554 568 1614 Ad
599 1554 972 1616 stomachum
1001 1554 1399 1618 fastidientem
1430 1570 1626 1613 escam
1654 1560 1713 1612 et
1732 1546 2137 1614 revomentem
2157 1572 2334 1614 rosae

301 1644 632 1725 dimidium,
671 1643 827 1722 quod
869 1661 1072 1703 semen
1103 1650 1319 1724 portat,
1357 1642 1415 1702 id
1447 1649 1540 1702 est
1566 1642 1763 1721 ipsum
1793 1641 2001 1702 florem
2031 1660 2333 1726 croceum,
2362 1657 2417 1699 ιε

302 1732 633 1793 contundes
681 1739 741 1792 et
788 1732 1064 1792 aluminis
1103 1733 1293 1812 scissi,
1341 1732 1560 1811 cyperi,
1607 1729 1875 1810 bidellae,
1922 1731 2198 1792 absenthi
2235 1751 2334 1794 su·

302 1840 457 1902 cum,
503 1819 768 1901 meliloti,
805 1839 975 1881 rosae
1014 1823 1224 1902 siccae,
1273 1821 1523 1900 acaciae,
1568 1821 1675 1879 iris
1712 1818 1997 1901 Illyricae,
2045 1820 2161 1881 olei
2200 1840 2333 1882 nar·

303 1910 452 1991 dini,
509 1928 707 1990 cerae,
763 1909 1150 1989 opobalsami,
1207 1927 1382 1988 pares
1437 1926 1750 1969 mensuras
1805 1908 2017 1970 harum
2065 1913 2332 1972 omnium

303 2001 640 2079 specierum
678 2007 951 2059 conteres
989 2001 1051 2058 in
1089 1999 1373 2059 mortario
1406 2015 1738 2059 marmoreo
1768 2016 1835 2058 ac
1866 1999 2169 2060 stomacho
2210 2003 2334 2079 epi-

302 2088 654 2149 thematium
691 2088 1011 2148 mirificum
1053 2105 1424 2167 superpones
1463 2087 1533 2147 ad
1572 2088 1790 2167 ignem,
1838 2094 1905 2147 ut
1952 2096 2042 2148 est
2079 2106 2333 2150 consue·
2362 2105 2422 2145 so

302 2177 466 2256 tudo,
514 2177 926 2254 compositum.
1000 2175 1467 2254 Epithematium
1514 2177 1804 2253 optimum
1846 2175 1918 2236 ad
1959 2177 2334 2239 stomachum

301 2265 725 2343 reparandum:
781 2263 1043 2324 Masticis
1096 2298 1172 2307 —
1216 2263 1316 2346 VI,
1363 2264 1522 2325 aloes
1573 2297 1650 2307 --
1693 2263 1797 2345 111,
1847 2269 2096 2326 storacis
2137 2300 2219 2310 -—
2260 2266 2335 2348 ΙΙ,

303 2372 475 2414 cerae
521 2352 583 2414 P.
621 2352 665 2431 I,
713 2352 886 2413 nardi
924 2385 1008 2395 -—
1046 2351 1137 2412 VI.
1203 2352 1362 2414 Haec
1410 2358 1634 2432 pariter
1680 2354 1959 2414 miscebis
2006 2363 2066 2415 et
2104 2356 2340 2434 epithe-

302 2444 549 2503 matium
597 2440 815 2502 subtile
863 2442 1061 2517 facieS,
1111 2443 1269 2521 quod
1318 2443 1520 2503 multis
1557 2442 1741 2523 horiS,
1789 2452 1951 2504 certe
1988 2444 2184 2504 hieme
2225 2463 2337 2523 per

301 2539 496 2592 totum
544 2531 718 2611 diem,
766 2533 853 2591 uti
898 2532 1141 2610 poteris,
2367 2547 2420 2588 25

482 2620 571 2680 Ad
611 2618 875 2680 dolorem
915 2620 1205 2680 stomachi
1241 2621 1572 2681 vettonicae
1620 2621 1836 2681 radicis
1881 2620 2228 2683 fasciculum
2270 2624 2338 2684 in

305 2708 415 2768 olla
465 2708 763 2787 decoques
810 2727 881 2769 ex
928 2727 1080 2789 aqua
1126 2709 1494 2788 eandemque
1551 2709 1726 2769 ollam
1777 2710 1887 2770 sub
1935 2711 2069 2771 divo
2116 2711 2340 2773 habeto

305 2806 598 2878 opertam3
638 2816 775 2858 cum
813 2798 1153 2859 stomachus
1190 2798 1395 2858 dolore
1435 2798 1759 2879 vexabitur,
1798 2817 1988 2878 usque
2022 2799 2094 2860 ad
2125 2803 2341 2861 tertias

306 2887 552 2948 eandem
599 2905 811 2966 aquam
859 2905 1124 2967 excoque
1172 2893 1232 2948 et
1278 2887 1417 2948 inde
1462 2887 1741 2966 cyathum
1781 2907 1965 2949 unum
2006 2887 2341 2950 bibendum

305 2977 542 3037 ieiunus
581 2976 652 3035 ad
691 2976 845 3036 diem
885 2994 1071 3037 sume.
1115 2975 1397 3062 'Urticam
1433 2994 1636 3036 semen
1664 2975 1979 3038 habentem
2008 2979 2071 3037 in
2102 2995 2340 3039 summo
2368 2997 2428 3037 so

306 3064 476 3124 deme
525 3083 591 3125 ac
640 3064 955 3143 diligenter
1003 3065 1124 3125 lava
1172 3073 1233 3125 et
1280 3083 1351 3125 ex
1400 3082 1467 3124 ea
1515 3064 1902 3126 sorbitionem
1954 3067 2131 3126 facito
2179 3066 2339 3128 bene

306 3153 604 3214 conditam
653 3155 780 3213 sine
828 3156 1054 3234 pipere,
1100 3155 1449 3214 suavissime
1497 3155 1808 3233 accipieris
1850 3155 1923 3215 ad
1962 3155 2340 3225 stomachum

306 3243 711 3304 reficiendum.
803 3241 1094 3303 Lactucae
1146 3245 1350 3321 nigrae
1408 3260 1637 3323 semen,
1698 3244 1857 3322 quod
1912 3245 2110 3323 ipsum
2165 3245 2339 3306 valde

305 3335 540 3413 nigrum
589 3339 698 3413 est,
743 3334 805 3392 in
844 3332 959 3411 pila
995 3331 1189 3410 lignea
1236 3340 1482 3393 tunsum
1520 3350 1654 3392 cum
1693 3332 1866 3393 melle
1905 3332 2115 3411 subige
2153 3341 2337 3414 atque

486 3475 514 3523 7
555 3466 824 3522 oletanOS.
1028 3472 1092 3519 17
1132 3459 1391 3522 melidoti
1425 3468 1525 3537 (sic
1559 3469 1822 3537 saepius).
2020 3473 2087 3522 21
2128 3468 2339 3537 epithi-

304 3538 559 3593 matium.
688 3544 759 3593 24
797 3538 946 3605 quod
985 3538 1086 3606 (sic
1123 3540 1287 3605 cod.):
1329 3555 1439 3608 quo
1482 3538 1802 3597 Coo-narius.
1932 3545 2000 3594 26
2037 3541 2340 3596 vetonicae

307 3606 392 3676 (ut
425 3610 664 3679 saepius)
702 3609 917 3664 radices
955 3608 1297 3664 fascicolum.
1443 3614 1513 3663 34
1550 3610 1717 3667 linea..
