2575 4092
1133 233 1612 299 —330—
2529 213 2530 294 l

358 397 409 457 X
446 397 517 476 ΙΙ,
565 414 770 457 soreos
816 397 938 457 usti
983 395 1034 456 X
1072 394 1142 476 11,
1189 397 1610 475 auripigmenti
1656 395 1708 455 X
1744 394 1815 456 11.
1889 394 2048 457 Haec
2095 403 2382 458 teruntur

356 484 675 564 diligenter
727 493 904 565 atque
959 487 1020 545 in
1076 487 1495 546 tenuissimum
1551 483 1856 564 pulverem
1910 486 2271 564 rediguntur
2325 493 2384 547 et

357 576 444 635 sic
481 593 568 650 ea,
609 580 674 634 ut
710 573 850 652 dixi,
887 573 1442 635 haemorrhoidibus
1479 575 1886 652 inprimuntur
1915 572 2208 654 undique3
2245 583 2386 653 post

354 662 469 724 hoc
508 670 687 724 tenue
726 661 975 741 simplex
1012 680 1213 724 rasum
1250 662 1560 724 linteolum
1596 664 1804 742 inponi
1839 669 2076 741 oportet
2108 670 2170 723 et
2198 681 2382 743 super

355 751 469 812 hoc
515 769 728 830 panem
773 759 1128 831 autopyrum
1175 770 1249 812 ex
1295 769 1445 830 aqua
1493 758 1853 812 maceratum
1898 758 1959 811 et
1995 752 2208 811 tritum
2243 769 2375 813 rosa
2401 766 2424 807 ⁵

353 839 475 901 illic
531 858 641 919 pro
701 840 830 901 oleo
886 840 1129 901 adiecta.
1211 839 1338 901 Hoc
1387 840 1817 901 medicamento
1862 841 1991 900 sine
2040 858 2255 918 magno
2301 841 2378 902 la·
2527 825 2532 934 Α

353 929 500 990 hore
537 931 697 990 circa
735 931 1053 1009 septimum
1092 928 1250 990 diem
1287 929 1500 990 cadere
1536 936 1838 1008 coguntur
1873 928 2376 991 haemorrhoides,

354 1017 604 1097 Oportet
650 1026 848 1079 autem
895 1017 988 1079 bis
1033 1017 1129 1078 die
1174 1036 1388 1097 panem
1435 1019 1666 1099 inponi,
1717 1035 2163 1097 nonnumquam
2210 1027 2272 1080 et
2316 1021 2377 1080 in

354 1115 616 1188 noctem,
663 1109 715 1167 si
760 1110 921 1168 circa
967 1124 1066 1167 eas
1113 1109 1449 1167 tensionem
1495 1108 1772 1187 senseriS,
1821 1115 2030 1185 quarto
2077 1105 2176 1168 die
2223 1111 2375 1169 auri-
2531 1185 2532 1194 ἵ

353 1195 574 1274 scalpio
639 1212 871 1275 averso,
937 1213 1114 1274 quam
1176 1203 1410 1274 partem
1474 1195 1816 1275 cyathiscon
1871 1195 2083 1256 Graeci
2145 1206 2374 1279 vocant,
2399 1213 2443 1251 1⁰
2531 1235 2532 1244 κ

353 1286 575 1344 sensim
632 1292 921 1363 temptare
976 1301 1044 1343 ac
1097 1301 1338 1344 movere
1403 1302 1530 1364 θῦε,
1596 1302 1715 1363 quo
1770 1283 2027 1345 celerius
2082 1285 2373 1347 excidant.

351 1370 477 1433 Hoc
514 1372 1013 1433 medicamentum
1051 1390 1286 1433 omnem
1325 1391 1566 1434 carnem
1604 1391 1676 1433 ex
1715 1375 1876 1433 omni
1906 1382 2077 1452 parte
2105 1377 2375 1454 corporis

351 1460 750 1522 exulceratam
798 1468 861 1522 et
906 1472 1351 1523 excrescentem
1399 1463 1527 1522 sine
1574 1479 1786 1540 magno
1831 1480 2037 1523 morsu
2084 1462 2255 1525 tollit.

278 1565 312 1614 7
527 1549 796 1612 Pulveris
825 1550 1200 1612 Pancratiani
1237 1550 1531 1611 confectio
1572 1549 1644 1611 ad
1680 1549 1960 1629 rhagadia
1997 1550 2091 1611 vel
2126 1552 2375 1614 exocha-

351 1639 447 1700 dia
503 1641 616 1701 sic:
671 1640 962 1700 Aluminis
1016 1639 1260 1700 rotundi
1316 1637 1561 1701 ustulati
1608 1646 1668 1699 et
1712 1641 1919 1700 siccati
1962 1673 2052 1682 —
2089 1639 2197 1721 ΙΙΙ,
2253 1642 2442 1703 alu-1⁵

349 1730 527 1789 minis
573 1728 783 1789 schisti
830 1760 913 1772 -·
953 1727 1060 1810 111,
1114 1730 1261 1789 nitri
1306 1730 1429 1788 usti
1475 1720 1555 1814 ,9-
1592 1726 1693 1808 VI,
1747 1729 1903 1788 aeris
1948 1727 2116 1789 floris
2164 1722 2244 1816 ,9-
2283 1730 2374 1791 VI.

349 1815 560 1884 Omnia
596 1817 742 1878 haec
778 1818 1073 1921 permixta
1100 1826 1159 1878 et
1186 1819 1328 1878 trita
1359 1815 1651 1897 servabis3
1689 1835 1825 1877 cum
1854 1817 2146 1878 utendum
2175 1818 2374 1900 fuerit,

349 1925 488 1967 cum
524 1916 690 1967 aceto
729 1908 853 1967 acri
868 1905 1103 1966 inlines
1141 1905 1461 1966 exochadia
1501 1904 1590 1965 vel
1625 1904 1923 1986 rhagadia‚
1959 1905 2065 1967 sed
2104 1907 2373 1989 adsidue,

348 2002 416 2055 ut
460 1997 616 2056 intra
665 2004 942 2074 quartum
991 1994 1147 2055 diem
1195 2002 1497 2055 sanentur.

274 2096 310 2145 8
524 2082 613 2144 Ad
668 2085 766 2143 ani
820 2086 961 2144 vitia
1016 2091 1077 2144 et
1130 2091 1398 2144 tumores
1454 2090 1515 2143 et
1568 2081 1814 2142 vulnera
1868 2085 2201 2162 conpositio
2258 2086 2370 2147 sic:
2395 2100 2442 2139 πο
2535 2077 2536 2082 ’

347 2172 598 2232 Resinae
654 2170 1090 2232 terebinthinae
1149 2165 1228 2257 ›9‘
1279 2170 1518 2246 XXVII,
1572 2172 1719 2232 visci
1776 2163 1856 2257 ,9-
1905 2171 2038 2251 XII,
2104 2172 2368 2234 cadmiae

346 2253 426 2345 9·
467 2257 591 2337 XII,
639 2277 881 2338 spumae
924 2262 1155 2338 argenti
1192 2252 1272 2346 ,9-
1312 2259 1488 2341 VIIII,
1534 2277 1812 2320 cerussae
1850 2252 1930 2346 ,9-
1970 2260 2143 2340 VIIII,
2191 2264 2371 2324 misui

347 2341 426 2433 ›9‘
466 2347 646 2427 VIIII,
692 2346 912 2409 herbae
958 2347 1335 2428 arnoglossae
1384 2342 1463 2434 ›9‘
1510 2347 1644 2428 1111,
1670 2351 1676 2357 '
1700 2347 1817 2409 olei
1867 2352 2087 2410 veteris
2137 2349 2369 2413 libram.

345 2435 502 2497 Ilaec
558 2436 835 2497 universa
891 2445 1165 2498 conteres
1222 2447 1282 2498 et
1337 2437 1617 2499 miscebis
1671 2447 1733 2498 et
1779 2456 1891 2516 per
1937 2438 2066 2499 dies
2114 2448 2368 2519 quantos

343 2527 679 2604 oportuerit
723 2525 795 2586 ad
842 2526 1041 2588 locum
1087 2526 1311 2587 doloris
1356 2525 1635 2606 adpones.
2391 2542 2438 2585 2⁵

271 2625 304 2674 9
521 2614 633 2674 Ani
672 2617 812 2676 vitia
850 2618 1046 2677 omnia
1083 2617 1305 2694 optime
1346 2622 1407 2675 et
1444 2616 1731 2676 citissime
1769 2623 1941 2676 curat
1977 2615 2176 2678 oleum
2205 2616 2367 2678 bom·

341 2701 623 2782 hycinum
677 2722 910 2786 verum,
966 2707 1018 2765 si
1073 2703 1320 2765 adsidue
1374 2702 1514 2764 inde
1572 2711 1915 2785 tangantur,
1969 2707 2050 2766 ita
2098 2713 2167 2767 ut
2211 2708 2369 2767 intra

341 2792 609 2853 triduum
664 2791 755 2853 vel
811 2793 1208 2872 quadriduum
1263 2792 1543 2870 rhagadia
1598 2800 1657 2853 et
1712 2793 2034 2854 exochadia
2090 2796 2366 2874 stirpitus

239 2893 306 2942 10
345 2879 525 2962 tollat,
564 2884 615 2942 si
651 2881 896 2942 adsidue
934 2890 1206 2960 ponatur.
1279 2879 1538 2942 Nucleos
1580 2881 1654 2942 de
1693 2881 1932 2944 dactulo
1971 2882 2270 2945 conbures
2307 2891 2365 2945 et

342 2977 617 3030 conteres
664 2988 841 3049 quam
888 2972 1284 3031 minutissime
1331 2979 1390 3031 et
1436 2969 1511 3031 de
1556 2970 1801 3050 pulvere
1847 2989 2059 3032 eorum
2100 2972 2232 3033 loco
2269 2975 2364 3034 ani
2388 2986 2436 3027 ω

342 3056 681 3119 exulcerato
738 3061 861 3119 sive
918 3059 1262 3121 vulneribus
1318 3061 1449 3120 eius
1507 3067 1567 3120 et
1621 3059 1838 3121 fistulis
1885 3059 2236 3140 frequenter
2279 3064 2365 3122 in·

237 3160 302 3209 11
341 3164 544 3226 pones,
599 3145 858 3207 Herbam
894 3146 1278 3228 polypodium
1315 3155 1475 3208 teres
1515 3155 1576 3209 et
1613 3150 1698 3209 sic
1734 3150 1797 3209 in
1834 3151 2129 3228 ptisanam
2164 3152 2364 3212 mittes

341 3245 400 3296 et
446 3235 719 3297 sorbebis
765 3238 1030 3319 ieiunus3
1075 3237 1187 3297 hoc
1235 3244 1296 3298 et
1344 3236 1531 3297 solvet
1577 3245 1843 3298 ventrem
1891 3245 1953 3299 et
1998 3257 2178 3300 anum
2226 3238 2363 3300 mol·

339 3324 443 3385 liet
487 3332 832 3387 tumentem.

517 3467 549 3515 6
586 3460 1073 3517 medicamentum.
1255 3467 1285 3516 7
1324 3477 1391 3516 co
1434 3463 1616 3516 antur.
1787 3467 1820 3516 9
1859 3461 2188 3518 tesisionem
2212 3465 2364 3546 ·(8ic).

340 3536 407 3584 14
443 3532 857 3600 panchraciani.
989 3539 1053 3587 16
1090 3530 1265 3587 scisti.
1392 3480 1569 3604 fieris]
1607 3531 1729 3590 flos.
1866 3540 1932 3588 21
1972 3532 2141 3606 visci]
2178 3533 2362 3591 eifum.

338 3606 408 3654 26
445 3602 517 3655 ad
553 3604 681 3659 add.
719 3610 848 3662 mite
881 3602 991 3659 ani.
1137 3608 1207 3657 28
1246 3602 1497 3674 ragadia.
