2575 4092
1131 216 1574 282 ..43-

340 382 560 442 missus
604 382 666 440 in
714 397 926 460 aquam
974 377 1220 439 naribus
1267 377 1564 459 trahatur,
1611 397 1847 440 omnem
1890 397 1920 439 a
1960 381 2152 458 capite
2192 380 2372 458 pitui-

270 483 302 532 6
342 478 463 530 tam
511 467 771 530 detrahit
815 469 982 528 mire.
1054 466 1227 528 Creta
1275 466 1520 528 Cimolia
1566 486 1639 528 ex
1685 475 1852 529 aceto
1902 470 2036 529 trita
2085 476 2146 528 et
2192 485 2370 547 quam

270 572 299 620 7
343 558 696 619 densissime
743 557 928 618 fronti
974 558 1229 635 inposita
1276 558 1550 635 pituitam
1598 558 1774 617 sistit.
1854 556 2183 618 Mastichen
2231 575 2367 617 cum

340 649 547 726 pipere
604 648 709 725 qui
754 645 858 706 diu
904 645 1510 726 commanducaverit,
1567 645 1850 707 calefacto
1899 644 2146 706 cerebro
2203 664 2368 706 umo-

266 747 299 798 8
338 753 465 796 rem
520 737 769 814 pituitae
825 733 1070 794 naribus
1122 734 1390 795 effundit.
1487 733 1574 795 Ad
1630 741 1929 796 catarrum
1985 736 2108 795 sive
2168 733 2417 795 destil-5

338 823 617 884 lationem
647 825 874 884 umoris
903 841 975 884 ex
1005 825 1224 902 capite:
1264 821 1444 883 Turis
1588 841 1791 904 unum,
1821 825 2045 903 piperis
2078 816 2156 910 ,9⁶
2181 839 2370 884 unum

340 920 617 973 conteres
665 911 981 991 diligenter
1036 920 1096 972 et
1146 913 1267 972 vini
1316 911 1528 972 noveli
1576 913 1735 992 quod
1782 912 2040 973 sufficiat
2085 913 2369 973 admisce-

339 1000 432 1062 his
480 1008 542 1062 et
586 1000 833 1061 naribus
879 999 1148 1080 tepidum
1194 1000 1476 1061 infundes
1513 999 1607 1060 vel
1643 1001 2065 1082 gargarizahi8‚
2113 1000 2218 1062 sed
2255 1001 2370 1060 uti-

271 1104 302 1153 9
341 1089 459 1151 lius
514 1096 607 1151 est
660 1088 906 1150 naribus
962 1088 1213 1150 infundi.
1305 1088 1393 1149 Ad
1450 1098 1629 1168 caput
1692 1089 1902 1151 leviter
1965 1088 2371 1169 purgandum:

343 1177 547 1258 Sinapi
602 1179 814 1239 tritum
874 1185 1009 1238 ante
1067 1178 1225 1238 diem
1291 1179 1352 1238 in
1417 1185 1585 1239 aceto
1650 1178 1899 1239 infunde
1963 1179 2035 1239 ad
2098 1177 2371 1239 heminae
2401 1194 2452 1234 10

343 1283 684 1327 mensuram
739 1273 800 1327 et
856 1284 928 1327 ex
985 1285 1054 1327 eo
1112 1268 1268 1326 intra
1325 1284 1393 1326 os
1447 1275 1585 1328 tene
1647 1275 1723 1346 et⁴
1771 1269 2070 1348 gargariza
2125 1269 2187 1327 in
2249 1266 2372 1327 sole

341 1355 530 1418 calido
586 1357 825 1417 ieiunus
872 1362 932 1415 et
987 1361 1194 1434 aperto
1252 1373 1356 1416 ore
1411 1356 1792 1435 postmodum
1848 1356 2016 1438 sede,
2071 1365 2140 1416 ut
2197 1373 2373 1417 umor
2552 1312 2554 1417 1

239 1458 303 1507 10
342 1444 636 1505 decurrat.
722 1443 1067 1523 Staphidem
1115 1445 1339 1522 agriam
1386 1447 1604 1506 sumito
1664 1453 1725 1506 et
1770 1463 1879 1525 pro
1927 1445 2102 1506 modo
2150 1445 2373 1524 sinapis
2553 1444 2554 1449 ’

342 1552 594 1612 granum
650 1540 710 1593 et
764 1551 938 1593 uvam
985 1551 1219 1612 passam
1266 1535 1587 1595 commisce
1638 1552 1775 1595 cum
1821 1534 1992 1595 betae
2041 1536 2266 1594 semine
2314 1540 2375 1593 et

344 1640 415 1683 ex
463 1640 533 1682 eo
581 1622 758 1683 facito
806 1620 1100 1703 pastillos3
1149 1621 1387 1703 quibuS‚
1435 1624 1485 1683 si
1534 1641 1683 1702 opus
1730 1624 1929 1703 fuerit,
1977 1623 2196 1685 adicies
2244 1640 2373 1682 ace·
2403 1636 2453 1677 15

342 1717 470 1772 tum
518 1719 578 1771 et
625 1729 726 1772 eos
773 1712 1013 1772 ieiunus
1059 1712 1123 1772 in
1171 1710 1295 1771 sole
1342 1719 1445 1772 aut
1479 1712 1541 1771 in
1579 1711 1812 1772 balineo
1851 1711 2274 1773 commanduca
2314 1719 2376 1771 et
2553 1712 2554 1715 ’

239 1813 302 1862 11
342 1806 614 1880 apertum
661 1818 728 1860 os
774 1806 930 1880 tene,
978 1806 1045 1860 ut
1090 1817 1264 1860 umor
1312 1800 1547 1861 defluat.
1620 1799 1710 1861 Ad
1757 1811 1936 1881 caput
1981 1800 2374 1880 purgandum,
2553 1814 2554 1833 ¹

345 1888 503 1968 quod
550 1889 734 1949 fuerit
780 1906 1152 1949 umorosum.
1220 1887 1537 1967 Staphidos
1582 1891 1776 1968 agriae
1827 1882 1906 1976 ,9-
1943 1888 2049 1969 ΙΙΙ,
2105 1888 2375 1968 pyrethri
2552 1842 2554 1929 4

344 1970 423 2064 ,9-
453 1975 524 2058 11,
559 1977 771 2057 hysopi
801 1969 1042 2063 ,9-11113
1080 1978 1306 2055 pariter
1343 1977 1488 2038 haec
1524 1996 1636 2056 pro
1674 1978 1847 2039 modo
1887 1977 2132 2039 adsidue
2168 1980 2232 2038 in
2270 1995 2374 2037 ore

313 2069 522 2130 missa
569 2067 938 2126 comminues
994 2022 1055 2125 e⁷t
1108 2065 1450 2126 masticabis
1488 2068 1798 2127 incurvato
1837 2070 2047 2148 capite,
2093 2073 2162 2128 ut
2199 2085 2375 2127 umor
2402 2080 2454 2120 ao

344 2172 416 2214 ex
464 2156 873 2214 masticatione
921 2153 1158 2214 defluat.
1229 2153 1401 2224 Quod
1448 2156 1626 2216 facito
1673 2163 1774 2217 aut
1819 2156 1893 2217 ad
1940 2155 2126 2216 solem
2174 2162 2275 2216 aut
2312 2156 2377 2215 in

241 2258 308 2307 12
345 2242 476 2302 loco
522 2241 744 2320 tepido.
815 2242 904 2302 Ad
950 2243 1226 2320 pituitam
1273 2261 1347 2304 ex
1394 2262 1497 2304 ore
1546 2245 1929 2306 evocandam:
1993 2243 2165 2304 Aeris
2210 2243 2378 2304 floris

347 2329 646 2409 scripulus
693 2348 848 2391 unus
896 2337 956 2391 et
1003 2330 1076 2392 de
1125 2350 1269 2393 suco
1318 2332 1574 2393 hederae
1620 2333 1781 2394 idem
1816 2334 2050 2413 pondus
2088 2334 2150 2392 in
2189 2350 2377 2393 unum

345 2421 599 2481 mixtum
653 2427 715 2479 et
768 2419 1014 2480 naribus
1068 2420 1335 2482 infusum
1391 2429 1641 2483 evocant
1685 2424 1959 2502 pituitam
2007 2429 2067 2483 et
2114 2421 2379 2482 defluere

245 2525 310 2574 13
348 2506 709 2587 conpellunt.
792 2507 979 2569 Radix
1035 2510 1307 2588 pyrethri
1361 2511 1423 2570 in
1486 2509 1609 2571 sole
1668 2511 2153 2572 commanducata
2200 2512 2379 2590 pitui-
2406 2523 2462 2565 2⁵

244 2613 312 2662 14
348 2606 466 2657 tam
533 2604 594 2656 et
647 2614 917 2658 umorem
973 2600 1184 2676 capitis
1239 2599 1534 2677 patefacto
1606 2618 1709 2660 ore
1784 2600 2096 2679 depromit.
2196 2598 2379 2659 Betae

347 2684 649 2747 radicibus
697 2688 892 2746 tunsis
938 2694 1102 2747 recte
1145 2704 1329 2747 sucus
1366 2689 1495 2748 eius
1534 2688 1779 2749 naribus
1819 2689 2061 2749 ducitur
2100 2688 2170 2748 ad
2210 2706 2376 2748 umo-

245 2790 310 2840 15
348 2793 475 2835 rem
532 2775 743 2853 capitis
798 2774 1245 2836 extrahendum.
1334 2774 1525 2837 Mellis
1582 2784 1643 2838 et
1704 2779 1926 2856 sinapis
1980 2779 2110 2838 triti
2165 2794 2380 2856 aequa-

348 2863 484 2924 liter
543 2864 760 2924 mixtae
825 2869 1025 2942 partes
1090 2864 1380 2942 tepefiunt
1446 2872 1506 2926 et
1570 2884 1743 2926 umor
1799 2865 2022 2927 multus
2095 2884 2127 2926 6
2185 2866 2380 2946 capite
2553 2922 2554 2929 ,

245 2970 311 3018 16
348 2961 487 3032 post
530 2951 764 3029 longam
810 2953 1337 3031 gargarizationem
1383 2953 1715 3017 deducitur.
1807 2955 1894 3015 Ad
1942 2963 2241 3016 catarrum
2287 2971 2379 3014 re·
2409 2968 2465 3008 so
2553 2944 2554 2983 ¹

351 3040 764 3120 stringendum
809 3043 1010 3102 mittes
1057 3043 1120 3101 in
1166 3040 1341 3103 ollam
1389 3043 1599 3103 rudem
1646 3061 1754 3122 pro
1793 3044 1967 3104 modo
2006 3042 2156 3103 ollae
2193 3042 2381 3102 hemi·

348 3148 484 3190 nam
531 3146 701 3190 rosae
750 3131 943 3189 siccae
991 3137 1051 3190 et
1096 3137 1221 3190 tres
1268 3131 1539 3191 heminas
1584 3150 1769 3211 aquae
1815 3131 2041 3193 mulsae
2089 3138 2149 3192 et
2190 3130 2381 3192 hemi·

350 3237 485 3280 nam
534 3235 726 3298 sapae,
772 3217 975 3278 inhibe
1023 3237 1236 3279 nucem
1283 3222 1546 3302 pineam3
1588 3220 1734 3282 haec
1781 3239 2002 3300 coques
2048 3220 2122 3281 ad
2169 3222 2384 3281 tertias

247 3326 311 3377 1¹7
352 3317 413 3369 et
457 3306 725 3388 tepidum
773 3306 1184 3386 gargarizabiS.
1262 3308 1529 3370 Rumicis
1575 3311 1846 3371 acumina
1885 3317 2091 3370 tenera
2137 3308 2384 3387 colliges

352 3399 475 3458 sive
521 3396 659 3458 rubi
706 3402 766 3456 et
812 3394 1075 3477 herbam,
1125 3414 1302 3476 quam
1349 3397 1447 3459 alii
1493 3397 1938 3460 burdunculum
1983 3405 2223 3478 vocant,
2282 3397 2387 3459 alii
2412 3411 2468 3453 ⁸5

495 3591 564 3640 34
600 3583 980 3657 gargarizabis
1019 3584 1357 3656 Stephanus:
1394 3586 1715 3658 gargan-‘uas
1757 3586 2077 3644 Gor-narius.
