2575 4092
1094 230 1571 294 —120—

319 395 450 454 eius
497 393 680 454 suerit
726 393 984 473 incocta,
1041 393 1345 454 interdum
1390 394 1548 453 enim
1598 411 1630 453 e
1676 392 1957 453 dentibus
2004 394 2176 471 quasi
2219 412 2354 454 ver·

319 480 524 542 miculi
570 480 808 559 quidam
856 483 1171 544 eiciuntur.
1244 481 1430 542 Levat
1475 480 1742 542 dolorem
1789 481 2059 543 dentium
2095 490 2158 542 et
2193 482 2352 543 bitu-

319 588 458 630 men
515 570 798 632 suffitum.
882 571 1031 632 Item
1090 571 1583 632 commanducare
1637 570 1910 650 proderit
1954 578 2354 633 mentastrum

319 658 411 719 vel
458 658 720 720 radicem
766 660 1151 740 cotyledonis,
1197 678 1349 740 quae
1397 658 1582 721 herba
1629 660 1840 720 similia
1888 659 2026 721 solia
2064 659 2353 740 cymbalis

317 747 499 809 habet
534 749 920 829 nasciturque
957 750 1083 811 fere
1122 751 1186 809 in
1221 748 1554 828 parietibus
1593 749 1828 809 umidis,
1897 748 2175 828 Pyrethri
2201 768 2350 829 quo·
2379 766 2407 810 5

320 855 436 916 que
491 836 659 898 radix
711 839 1196 900 commanducata
1253 838 1579 899 multorum
1639 837 1853 899 levavit
1907 837 2170 899 dolorem
2237 856 2352 900 nec

318 926 517 986 minus
572 925 809 988 alumen
864 928 1072 988 fissum
1127 926 1371 988 linteolo
1428 928 1622 1006 spisso
1678 927 2113 988 circumdatum
2159 935 2222 988 et
2264 929 2354 987 ita

319 1014 546 1075 diutius
593 1014 932 1077 dolentibus
977 1018 1318 1095 inpressum
1364 1015 1646 1077 dentibus
1693 1015 1982 1077 medetur.
2054 1015 2352 1095 Inponere

318 1121 459 1163 vero
506 1104 624 1182 ipsi
671 1103 896 1165 dolenti
940 1113 1178 1184 oportet
1224 1104 1391 1165 denti
1434 1114 1629 1166 totum
1678 1104 1793 1165 hoc
1847 1104 2353 1166 medicamentum

321 1192 492 1271 quasi
519 1192 925 1274 emplastrum,
954 1193 1112 1272 quod
1141 1195 1460 1255 conficitur
1487 1195 1605 1255 sic:
1643 1192 1981 1254 Peucedani
2012 1196 2145 1254 suci
2170 1193 2222 1253 X
2250 1193 2351 1273 111,
2380 1211 2440 1254 ιο

320 1282 677 1360 opopanacis
723 1281 775 1342 X
812 1281 865 1362 1,
920 1284 1076 1343 turis
1123 1281 1173 1344 X
1208 1281 1290 1364 H,
1346 1301 1491 1344 uvae
1537 1300 1748 1361 passae
1795 1284 1923 1343 sine
1969 1284 2170 1361 granis
2215 1281 2268 1341 X
2303 1281 2351 1344 Ι.

320 1366 479 1429 Haec
525 1372 722 1430 omnia
766 1390 877 1451 per
923 1389 988 1431 se
1035 1371 1327 1433 contundi
1370 1371 1623 1451 iubebis,
1679 1370 1894 1432 deinde
1940 1389 2139 1432 ceram
2188 1390 2349 1432 com-

321 1459 561 1519 misceri
607 1468 667 1520 et
712 1461 903 1521 ceroti
948 1460 1123 1521 modo
1171 1460 1558 1539 emplastrum
1603 1460 1752 1520 fieri.
1832 1459 1947 1520 Ubi
1993 1460 2176 1521 suerit
2219 1478 2351 1539 gra·

318 1549 447 1607 vior
484 1547 654 1608 dolor
692 1549 905 1631 dentis,
943 1548 1367 1628 auriscalpium
1402 1549 1536 1609 lana
1573 1547 1737 1609 molli
1762 1548 2100 1630 involvitur,
2131 1548 2351 1610 deinde

320 1638 615 1714 tinguitur
670 1638 1109 1700 ferventissimo
1164 1638 1296 1699 oleo
1350 1646 1529 1716 atque
1584 1639 1668 1698 ita
1725 1636 1889 1698 denti
1941 1639 2352 1717 proximisque
2383 1655 2440 1696 ιε

319 1727 574 1804 gingivis
620 1730 1074 1809 superponitur3
1128 1737 1265 1807 post
1317 1726 1433 1787 hoc
1484 1727 1915 1788 medicamento
1962 1726 2112 1787 dens
2156 1728 2355 1806 operi-

320 1824 437 1875 tur.
511 1814 576 1874 Si
610 1818 923 1896 repetierit
960 1826 1063 1878 aut
1106 1817 1505 1896 permanserit
1549 1815 1719 1876 dolor
1755 1815 1940 1876 nihilo
1979 1818 2194 1897 minuS,
2241 1817 2354 1876 ite-

321 1921 457 1963 rum
520 1905 941 1985 auriscalpium
998 1924 1136 1967 cum
1190 1905 1322 1966 lana
1377 1904 1707 1965 involutum
1762 1923 1835 1965 ex
1891 1904 2020 1965 oleo
2073 1905 2357 1965 candenti

322 1992 533 2052 eodem
577 1994 752 2054 modo
800 1997 1008 2074 inponi
1053 1995 1292 2073 saepius
1338 1993 1657 2073 oportebit,
1706 1992 1893 2053 donec
1942 1993 2110 2054 dolor
2157 1995 2355 2054 omnis

322 2079 632 2143 adimatur.
692 2082 759 2142 Si
785 2083 1022 2162 quando
1051 2083 1452 2144 movebuntur
1480 2083 1708 2164 denteS,
1745 2082 2134 2142 confirmandi
2172 2095 2356 2143 erunt
2383 2100 2440 2146 πο

322 2168 608 2248 alumine,
662 2189 780 2249 quo
835 2172 1159 2232 infectores
1218 2180 1475 2233 utuntur
1530 2180 1592 2232 et
1645 2170 1819 2231 melle
1874 2171 2099 2251 Attico,
2153 2172 2238 2231 ita
2285 2183 2355 2232 ut

322 2256 475 2317 duae
520 2266 723 2336 partes
769 2262 891 2320 sint
936 2260 1145 2342 mellis,
1194 2263 1375 2321 tertia
1421 2260 1716 2321 aluminis.
1800 2258 1958 2320 Haec
2006 2262 2249 2320 misceri
2292 2270 2357 2321 et

321 2347 433 2406 teri
484 2355 720 2424 oportet
765 2349 829 2408 in
874 2351 1176 2429 mortario,
1215 2349 1429 2410 deinde
1476 2352 1537 2409 in
1585 2348 1798 2428 patella
1833 2348 2003 2409 fictili
2040 2348 2356 2429 servefieri,

323 2445 390 2495 ut
436 2437 790 2517 spissentur,
836 2446 1013 2516 atque
1060 2439 1142 2498 ita
1189 2437 1439 2498 recondi
1482 2440 1543 2498 in
1591 2437 1859 2517 quolibet
1896 2455 2050 2518 vaso,
2098 2436 2239 2498 dum
2276 2456 2356 2498 ne

322 2541 523 2586 aeneo.
606 2523 732 2586 Hoc
778 2526 1278 2588 medicamentum
1330 2529 1590 2606 primum
1648 2536 1850 2587 auster
1906 2535 1999 2587 est
2052 2535 2113 2586 et
2175 2528 2358 2587 nimis
2384 2543 2444 2586 25

322 2616 679 2693 constringit
705 2614 932 2695 dentes,
969 2623 1179 2694 postea
1212 2617 1527 2676 remissius
1555 2615 1808 2676 videtur.
1872 2613 2148 2675 Proderit
2177 2617 2357 2675 motis

323 2699 602 2763 dentibus
642 2712 704 2764 et
739 2703 853 2763 hoc
882 2704 1406 2765 medicamentum:
1443 2706 1613 2765 Aceti
1641 2705 1916 2764 acerrimi
1943 2701 2007 2764 *S*
2039 2703 2080 2783 1,
2119 2704 2357 2769 cedriae

321 2787 385 2850 *S*
415 2788 458 2871 1,
496 2790 771 2852 aluminis
809 2793 936 2853 fissi
972 2791 1135 2854 P.11.
1191 2792 1434 2854 Teritur
1470 2792 1706 2853 alumen
1742 2811 1880 2853 cum
1918 2802 2103 2873 aceto,
2143 2794 2356 2853 misce-

321 2890 422 2939 tur
479 2880 693 2941 deinde
751 2881 951 2942 cedria
1004 2889 1066 2942 et
1119 2900 1238 2943 una
1294 2883 1492 2942 omnia
1548 2899 1684 2942 vaso
1755 2900 1940 2942 aeneo
2009 2890 2357 2961 coquuntur

322 2968 495 3028 taeda
538 2970 749 3048 pingui
793 2979 978 3051 mota,
1033 2970 1223 3031 donec
1279 2973 1341 3031 in
1398 2970 1589 3030 mellis
1636 2969 2085 3050 spissitudinem
2132 2979 2355 3050 tempe·
2384 2986 2448 3028 so

322 3065 511 3116 ratam
556 3058 923 3136 redigantur.
1010 3057 1137 3121 Hoc
1182 3059 1616 3120 medicamento
1655 3061 1708 3119 si
1745 3062 1880 3138 quis
1918 3068 2010 3120 ter
2047 3060 2109 3119 in
2148 3077 2357 3120 mense

323 3144 536 3206 dentes
592 3147 1003 3229 perfricuerit,
1059 3148 1325 3209 dolorem
1383 3165 1590 3209 eorum
1646 3166 1764 3208 non
1813 3149 2172 3227 experietur.
2265 3149 2358 3209 Ad

325 3233 594 3295 dentium
624 3234 890 3296 dolorem
919 3236 1072 3297 bene
1100 3237 1243 3298 facit
1279 3239 1472 3298 muria
1510 3255 1583 3297 ex
1620 3236 1886 3316 piscibus
1924 3236 2162 3297 lacertis
2196 3245 2358 3298 vete·

323 3322 511 3405 ribuS‚
558 3326 612 3385 si
658 3326 793 3404 quis
841 3344 909 3385 ea
957 3325 1210 3386 subinde
1258 3345 1327 3386 os
1374 3325 1611 3407 colluat,
1660 3326 1750 3386 vel
1793 3325 2041 3386 herbam
2080 3325 2360 3406 peducla-

466 3536 499 3586 8
536 3532 777 3590 medere.
949 3537 980 3585 9
1018 3547 1164 3586 vere.
1325 3538 1389 3586 12
1429 3532 1639 3603 ceram]
1679 3533 1885 3587 cetera.
2040 3536 2106 3584 13
2145 3533 2364 3602 empla-

326 3603 463 3658 stro,
687 3608 752 3656 16
787 3602 1274 3657 medicamentum.
1424 3609 1492 3658 30
1530 3603 1889 3688 spissitudine
1926 3604 2261 3672 temperata.
