2575 4092
1080 222 1567 289 -254-

316 385 366 445 X
406 384 578 445 XXV.
648 385 833 446 Datur
881 396 1168 465 quantum
1216 385 1398 446 fabae·
1430 385 1773 465 magnitudo
1822 395 1914 445 est
1948 387 2347 465 Aegyptiacae

314 492 385 534 ex
423 473 604 535 mulsi
639 473 850 553 cyatho
885 476 1069 535 mixto
1099 493 1234 535 cum
1264 492 1452 554 aquae
1482 474 1710 555 cyathis
1739 473 1990 555 duobuS,
2029 475 2130 534 sed
2163 474 2346 535 febri·

314 562 637 623 citantibus
685 582 756 623 ex
804 581 986 643 aquae
1036 562 1260 624 mulsae
1310 561 1537 642 cyathis
1585 562 1779 623 tribus
1826 562 1955 623 dari
2001 562 2195 624 debet.

241 665 275 714 4
492 652 577 712 Ad
633 659 930 713 tumorem
987 660 1048 712 et
1102 652 1366 712 dolorem
1424 661 1485 712 et
1532 652 2030 712 exulcerationem
2076 655 2344 712 vessicae

312 739 463 801 hene
520 740 662 801 facit
716 758 865 820 aqua
920 749 1085 821 pota,
1138 743 1200 801 in
1257 760 1371 820 qua
1430 741 1657 801 ferrum
1705 741 1963 801 candens
2012 741 2342 801 demissum
2371 757 2398 797 ⁵

312 836 420 889 est.
491 828 618 890 Hoc
654 838 912 891 tractum
950 839 1042 890 est
1079 829 1151 889 ab
1189 831 1361 910 aquis
1399 829 1623 910 calidis,
1663 847 1812 908 quae
1852 838 1992 890 sunt
2029 832 2090 888 in
2123 829 2343 890 Tuscia

310 916 586 999 ferratae,
622 936 773 997 quae
809 920 1061 979 mirifice
1100 918 1433 979 remediant
1469 920 1730 979 vessicae
1762 920 1915 996 vitia,
1955 918 2112 979 unde
2141 919 2342 998 appel-

310 1005 510 1067 lantur
557 1009 926 1087 vessicariae,
973 1009 1076 1087 qui
1112 1006 1278 1067 locus
1320 1007 1616 1087 quondam
1666 1007 1777 1067 fuit
1813 1005 2046 1067 Milonis
2085 1006 2342 1068 Brocchi

310 1097 631 1176 praetoriS,
687 1094 942 1155 hominis
998 1097 1233 1176 optimi,
1290 1096 1363 1155 ad
1421 1097 2017 1175 quinquagensimum
2066 1095 2139 1155 ab
2189 1096 2340 1157 urhe

308 1181 579 1261 lapidem.
2367 1198 2425 1240 1⁰

237 1284 269 1332 ὅ
487 1271 573 1330 Ad
622 1281 917 1332 tumorem
964 1282 1025 1333 et
1061 1270 1326 1332 dolorem
1365 1274 1625 1333 vessicae
1664 1280 1724 1332 et
1760 1272 1832 1332 ad
1871 1290 1992 1351 eoS,
2039 1275 2143 1352 qui
2182 1274 2335 1334 diffi-

308 1357 500 1420 culter
548 1362 780 1420 urinam
826 1359 1102 1438 reddunt,
1148 1362 1260 1420 sic:
1313 1360 1536 1422 Alterci
1583 1363 1844 1440 seminis,
1892 1360 2113 1422 malvae
2161 1365 2336 1423 semi-

307 1449 418 1528 niS,
457 1450 795 1509 cucumeris
832 1448 1025 1510 edulis
1063 1451 1310 1510 seminis
1347 1451 1601 1529 purgati,
1641 1450 2011 1528 singulorum
2051 1450 2101 1510 X
2138 1469 2334 1533 senoS,

307 1537 744 1616 amygdalorum
803 1537 1066 1598 dulcium
1122 1546 1542 1617 purgatorum,
1605 1538 1956 1600 nucleorum
2015 1541 2331 1617 pineorum

305 1636 722 1705 purgatorum,
778 1626 1148 1706 singulorum
1207 1627 1257 1686 X
1319 1634 1549 1706 ternos,
1608 1628 1706 1707 opi
1762 1626 1813 1686 X
1861 1627 1913 1708 1,
1969 1630 2129 1688 croci
2179 1628 2229 1687 X
2267 1627 2332 1690 V.
2360 1641 2416 1682 1⁵

305 1712 487 1774 Passo
535 1722 781 1775 contusa
828 1715 974 1776 haec
1021 1718 1215 1776 omnia
1263 1723 1767 1795 consparguntur,
1823 1716 1999 1776 datur
2048 1716 2163 1777 hoc
2213 1735 2333 1777 me-

304 1801 704 1864 dicamentum
761 1803 833 1863 ad
889 1822 1230 1864 mensuram
1277 1805 1507 1865 denarii
1552 1807 1733 1864 unius
1779 1823 1848 1865 ex
1896 1807 2058 1884 passi
2102 1805 2331 1885 cyathis

303 1890 537 1952 duobus
584 1901 646 1952 et
689 1910 874 1970 aquae
921 1893 1157 1973 tepidae
1209 1892 1474 1953 totidem.

232 1992 264 2041 6
480 1980 565 2041 Ad
614 1983 904 2041 vessicam
951 1982 1348 2042 exulceratam
1394 1981 1722 2042 remedium
1769 1981 1993 2042 bonum
2040 1983 2153 2044 sic:
2207 1981 2329 2043 Nu-

302 2066 569 2129 cleorum
606 2071 921 2147 pineorum
959 2078 1347 2149 purgatorum
1386 2070 1437 2130 X
1465 2068 1508 2152 1,
1546 2073 1885 2131 cucumeris
1924 2070 2114 2131 edulis
2153 2074 2329 2132 semi·
2359 2085 2413 2124 20

302 2158 395 2216 nis
442 2158 679 2234 purgati
725 2157 1019 2236 cyathum,
1068 2161 1230 2218 anesi
1277 2158 1573 2238 cyathum,
1618 2161 1926 2238 papaveris
1973 2161 2129 2238 nigri
2166 2159 2219 2220 X
2256 2160 2330 2241 II,

301 2247 463 2304 croci
509 2244 560 2303 X
597 2244 675 2322 Π,
732 2244 956 2323 palmas
1011 2249 1264 2308 cariotas
1312 2246 1491 2308 XXX.
1581 2246 1700 2307 Has
1755 2250 2045 2309 macerari
2089 2255 2331 2327 oportet

299 2334 457 2411 passi
505 2330 568 2393 ἃ
624 2333 859 2394 duobus
915 2343 1092 2413 atque
1149 2338 1409 2416 conteri,
1466 2336 1680 2397 deinde
1735 2336 1829 2397 his
1886 2336 2040 2397 adici
2096 2345 2329 2418 cetera3

299 2438 371 2480 ex
430 2440 500 2482 eo
557 2422 685 2482 dari
739 2425 912 2484 nucis
969 2423 1263 2502 iuglandis
1319 2424 1788 2503 magnitudinem
1850 2443 1921 2486 ex
1980 2427 2140 2504 passi
2195 2444 2327 2505 cya-

298 2509 417 2570 this
465 2511 675 2572 tribuS.
2355 2527 2410 2568 2⁵

230 2612 259 2659 7
474 2601 560 2659 Ad
601 2602 950 2679 sanguinem
989 2619 1097 2679 per
1135 2604 1369 2662 urinam
1403 2620 1540 2662 cum
1570 2600 1774 2662 dolore
1804 2601 2148 2664 reddentes:
2185 2602 2326 2664 Alu-

297 2688 474 2747 minis
512 2688 639 2747 fissi
675 2688 725 2748 X
754 2688 798 2770 1,
835 2691 1202 2768 tragacanthi
1242 2690 1293 2750 X
1324 2689 1364 2750 1.
1431 2689 1904 2769 Tragacanthum
1942 2691 2135 2770 pridie
2174 2709 2326 2771 aqua

296 2785 659 2837 maceratum
715 2778 961 2839 alumini
1020 2781 1162 2840 trito
1221 2778 1538 2840 admisceri
1598 2787 1858 2860 oportet,
1920 2779 2133 2840 deinde
2191 2780 2324 2840 fieri

293 2864 561 2942 pastillos
607 2866 676 2926 ad
726 2867 956 2927 denarii
1001 2870 1311 2928 semissem
1349 2867 1441 2927 vel
1485 2869 1660 2927 tertia
1697 2868 1988 2948 detracta3
2035 2868 2212 2928 datur
2252 2887 2323 2929 ex

292 2956 454 3031 passi
501 2955 727 3033 cyathis
774 2954 985 3017 tribus,
2350 2971 2405 3011 3⁰

222 3054 255 3103 8
473 3042 560 3102 Ad
617 3042 945 3104 calculosos
1000 3046 1291 3123 optimum
1347 3047 1677 3106 remedium
1732 3053 1823 3106 est
1878 3044 2323 3128 scolopendroS,

294 3148 470 3210 quam
519 3150 628 3192 nos
675 3133 1025 3212 saxifragam
1072 3132 1454 3216 appellamus,
1499 3133 1678 3195 huius
1716 3142 1999 3195 contusae
2038 3134 2322 3195 denarius

290 3238 448 3280 unus
495 3239 568 3280 ex
605 3239 792 3301 aquae
830 3222 1056 3302 cyathis
1091 3222 1287 3284 tribus
1326 3241 1435 3301 per
1472 3223 1599 3283 dies
1636 3222 1799 3283 XXX
1835 3222 2026 3283 datur.
2091 3222 2319 3284 Eodem

290 3310 465 3369 modo
487 3309 619 3370 data
641 3310 1025 3372 hierobotane
1045 3311 1307 3393 prodest,
1324 3330 1497 3391 quam
1514 3329 1624 3371 nos
1641 3311 2029 3372 verbenacam
2045 3311 2318 3372 dicimus

469 3449 502 3499 ὅ
540 3445 847 3516 dimissum,
884 3447 1114 3503 correxi.
1298 3451 1330 3501 8
1368 3447 1619 3502 condam.
1802 3452 1868 3501 21
1907 3448 2168 3516 cyathus,
2215 3448 2314 3502 bis.

290 3520 356 3568 22
394 3517 615 3585 palmas
653 3519 713 3571 et
750 3516 1007 3572 cariotas.
1119 3518 1347 3587 oportit.
1467 3523 1537 3572 24
1572 3517 1983 3589 magnitudine.
2091 3524 2160 3573 28
2198 3519 2316 3573 alu·

288 3585 455 3640 mine.
599 3593 666 3641 29
705 3587 993 3657 pastellum
1131 3593 1199 3642 34
1236 3590 1628 3660 verbenacam]
1666 3590 2028 3645 vettonicam.
