2575 4092
1137 269 1221 280 —
1316 232 1625 298 320—-

267 413 335 462 26
374 405 529 457 trem
586 397 853 457 moverit.
935 394 1012 456 Et
1056 395 1169 456 hoc
1216 395 1716 456 medicamentum
1763 393 2032 455 eiusdem
2077 395 2169 453 rei
2212 383 2421 473 gratia

376 483 656 545 umbilico
704 487 1028 565 superponi
1074 490 1312 563 oportet
1358 490 1460 544 aut
1507 482 1703 563 lateri,
1752 481 1913 561 quod
1960 484 2177 561 recipit
2224 482 2419 544 haec:

375 572 733 634 Cucurbitae
772 572 1071 634 silvaticae
1109 574 1413 654 interiora,
1459 589 1612 651 quae
1656 572 1828 649 quasi
1863 569 2038 632 flocci
2073 579 2233 652 sunt,
2288 571 2416 632 alu·

373 663 552 722 minis
580 659 808 743 liquidi,
844 662 1170 742 characiae,
1207 659 1538 741 tithymalli,
1575 658 1885 739 lathyridis
1915 659 2155 741 herbae,
2188 659 2416 721 laseris

375 749 685 829 Cyrenaici
736 752 903 830 paria
958 750 1221 830 pondera
1274 751 1418 810 trita
1472 748 1607 809 selle
1653 750 1891 810 taurino
1937 747 2189 809 collecta
2232 748 2417 809 lateri
2441 768 2466 808 ⁵

374 836 467 898 vel
512 838 796 900 umbilico
842 858 980 901 cum
1025 839 1364 901 cucumeris
1412 836 1663 899 silvatici
1715 839 1937 898 maturi
1992 855 2137 897 suco
2194 837 2416 898 eodem

375 926 551 988 modo
599 945 718 1006 quo
767 946 950 1008 supra
993 930 1286 1007 scriptum
1334 926 1665 987 remedium
1703 932 2214 1005 superponuntur.

267 1033 336 1082 27
553 1015 734 1077 Hiera
780 1016 853 1077 ad
899 1016 1231 1078 resolutum
1278 1015 1651 1077 stomachum
1706 1022 1769 1075 et
1822 1015 2173 1076 reicientem
2221 1014 2415 1094 quod-

375 1122 631 1184 cumque
678 1107 1005 1183 sumpserit
1058 1106 1375 1166 conficitur
1422 1106 1536 1165 sic:
1594 1102 1769 1164 Aloes
1814 1104 2021 1182 nigrae
2067 1101 2119 1162 X
2159 1101 2232 1184 V,
2291 1120 2414 1163 ma·

378 1194 543 1253 sticis
605 1192 656 1252 X
711 1191 844 1273 1111,
905 1195 1189 1274 cinnami,
1249 1192 1498 1254 schoeni
1550 1191 1742 1272 floriS,
1796 1190 2177 1272 malobathri,
2233 1191 2413 1252 nardi
2438 1211 2482 1250 ιο

379 1279 680 1361 Syriacae,
734 1283 925 1363 croci,
981 1283 1162 1363 asari,
1218 1281 1625 1361 xylobalsami,
1682 1279 2056 1360 singulorum
2110 1279 2163 1341 X
2211 1298 2411 1340 senos.

376 1368 535 1429 Haec
589 1370 731 1429 trita
789 1368 883 1431 vel
946 1378 1195 1432 contusa
1258 1370 1433 1432 melle
1497 1377 1978 1448 consparguntur
2039 1376 2102 1429 et
2165 1370 2250 1430 ita
2317 1387 2411 1429 re-

376 1465 684 1538 ponuntur
748 1465 810 1519 et
872 1477 1011 1520 cum
1067 1477 1219 1539 opus
1273 1466 1367 1520 est
1420 1458 1494 1520 ad
1551 1458 1792 1519 modum
1848 1456 2015 1519 fabae
2073 1476 2215 1518 cum
2271 1475 2409 1537 oxy-

379 1547 518 1607 meli
562 1546 794 1609 dantur.

270 1652 338 1702 28
553 1634 862 1717 Purgatio,
920 1654 1037 1715 qua
1083 1635 1333 1697 Cosmus
1387 1635 1656 1697 medicus
1710 1635 2058 1715 frequenter
2103 1653 2256 1695 usus
2304 1641 2410 1715 est,
2433 1653 2478 1694 15

379 1741 528 1802 quae
566 1723 733 1785 hiera
770 1727 964 1785 minor
992 1724 1231 1805 dicitur,
1269 1724 1411 1785 facit
1439 1722 1511 1785 ad
1542 1727 1756 1805 omnia,
1794 1741 1944 1803 quae
1975 1741 2157 1803 supra
2187 1726 2410 1803 scripta

379 1820 535 1891 sunt,
582 1812 901 1874 conficitur
946 1815 1061 1875 sic:
1111 1813 1458 1875 Scamoniae
1504 1813 1736 1874 denarii
1780 1814 2080 1873 victoriati
2122 1812 2409 1891 ponderis

376 1908 605 1980 partem
661 1919 866 1984 unam,
920 1904 1141 1963 veratri
1196 1903 1353 1981 nigri
1399 1900 1451 1961 X
1498 1901 1549 1983 1,
1605 1902 1845 1981 panacis
1893 1900 1945 1962 X
1983 1900 2051 1980 S,
2106 1919 2183 1962 ex
2237 1901 2407 1962 melle

378 1998 858 2070 consparguntur
904 1991 1050 2052 haec
1101 1993 1265 2072 trita3
1313 1990 1487 2052 datur
1524 2008 1597 2051 ex
1637 1989 1732 2051 his
1772 1997 2060 2069 quantum
2095 2008 2223 2051 nux
2260 1989 2407 2051 avel-

377 2078 509 2139 lana
555 2086 647 2139 est
693 2097 765 2139 ex
803 2098 989 2158 aquae
1025 2079 1252 2141 mulsae
1291 2079 1518 2160 cyathis
1556 2087 1856 2160 quattuor3
1903 2077 2127 2158 globuli
2169 2097 2405 2158 quoque
2429 2097 2477 2137 so

379 2184 561 2246 supra
616 2167 772 2227 dicta
825 2167 1232 2246 magnitudine
1293 2169 1440 2229 sicci
1501 2167 1573 2228 de
1628 2167 1742 2228 hoc
1795 2166 2232 2228 medicamento
2294 2166 2409 2229 duo

379 2262 574 2314 tresve
623 2254 839 2315 dantur
881 2257 1083 2316 ieiuno
1129 2255 1220 2317 vel
1265 2264 1404 2335 post
1448 2273 1654 2317 cenam
1700 2256 1964 2318 vorandi.

271 2359 340 2409 29
557 2341 861 2404 Turundis
899 2344 972 2405 ad
1010 2343 1359 2407 solvendum
1397 2352 1665 2405 ventrem
1705 2347 1793 2405 uti
1821 2351 2059 2423 oportet
2086 2343 2404 2407 eiusmodi:

377 2430 508 2491 Fici
561 2431 776 2513 aridae,
821 2431 1003 2514 pulei,
1057 2433 1336 2515 absinthi,
1382 2432 1559 2515 aloeS,
1606 2435 1767 2513 nitri,
1813 2432 1967 2495 fellis
2012 2434 2242 2494 taurini
2286 2452 2406 2495 are-

382 2519 523 2579 facti
569 2538 642 2580 ex
688 2522 974 2583 interiore
1019 2530 1207 2604 parte,
1256 2523 1473 2584 horum
1518 2525 1684 2602 paria
1726 2522 1991 2601 pondera
2033 2521 2211 2583 melle
2258 2522 2407 2583 bene
2429 2538 2473 2579 2⁵

382 2616 662 2687 percocto
718 2609 918 2690 colligi
971 2619 1207 2692 oportet
1253 2618 1316 2672 et
1359 2612 1506 2690 fingi
1549 2611 1870 2692 turundoS,
1927 2613 2033 2690 qui
2074 2629 2187 2690 per
2233 2629 2409 2672 anum

272 2714 342 2763 30
380 2698 772 2760 inmittantur.
828 2699 977 2760 Item
1015 2701 1264 2762 turundi
1293 2700 1364 2761 ad
1394 2707 1661 2761 ventrem
1690 2699 2005 2761 laxandum
2032 2701 2146 2761 sic:
2189 2699 2408 2762 Cucur-

379 2785 538 2847 bitae
585 2786 884 2851 silvaticae
930 2787 1253 2850 floccorum
1283 2790 1659 2849 interiorum
1698 2787 1749 2848 X
1786 2787 1851 2870 V,
1898 2790 2044 2849 nitri
2088 2789 2251 2868 nigri
2291 2790 2408 2850 usti

380 2874 432 2934 X
478 2874 544 2956 V,
589 2876 689 2937 fici
731 2878 971 2955 pinguis
1027 2877 1242 2957 pulpae
1287 2876 1341 2937 X
1387 2876 1520 2957 1111,
1578 2875 1804 2938 mulsae
1860 2877 1925 2939 P.
1978 2876 2021 2938 1.
2104 2877 2407 2939 Cocuntur

380 2962 526 3024 haec
583 2966 780 3025 omnia
835 2983 908 3024 ex
962 2965 1155 3027 mulso
1211 2966 1528 3045 diligenter
1584 2975 1646 3027 et
1693 2973 1901 3043 postea
1946 2967 2099 3027 fiunt
2142 2967 2406 3047 turundi,
2428 2983 2472 3023 oo

383 3051 600 3130 quibus
647 3060 706 3113 et
751 3052 1011 3114 absinthi
1056 3054 1277 3135 aliquid
1325 3054 1703 3136 admiscetur,
1750 3061 1929 3135 atque
1976 3056 2075 3135 ita,
2123 3061 2193 3116 ut
2231 3074 2406 3135 supra

382 3140 607 3201 dictum
655 3148 763 3223 est,
810 3160 922 3203 ano
967 3145 1316 3204 iniciuntur.

273 3246 341 3295 31
559 3229 791 3291 Herbae
838 3231 1217 3311 peduclariae
1273 3231 1327 3293 X
1374 3231 1514 3312 1111,
1570 3232 1793 3293 farinae
1849 3249 1924 3293 ex
1981 3230 2120 3293 lolio
2177 3232 2230 3293 X
2285 3232 2403 3314 1111,

384 3336 520 3378 cum
558 3318 692 3380 felle
732 3323 966 3382 taurino
1003 3319 1227 3401 liquido
1267 3328 1329 3382 et
1364 3319 1538 3382 melle
1573 3327 1855 3400 percocto
1885 3320 2220 3383 miscentur
2248 3324 2403 3402 paria

561 3459 591 3508 1
628 3454 889 3526 gratiam.
999 3462 1036 3510 4
1065 3456 1381 3528 char-aciae]
1412 3456 1642 3513 coscini.
1752 3455 2060 3513 lactoridis.
2163 3461 2198 3511 9
2226 3456 2397 3528 aloes]

380 3523 607 3580 thallos.
700 3532 767 3582 10
804 3527 1012 3584 scoeni.
1103 3531 1169 3581 15
1207 3527 1438 3585 Cosmos
1465 3534 1498 3584 1
1510 3545 1564 3584 m
1608 3528 1837 3584 Cosmas
1862 3530 1981 3585 2m.
2069 3533 2134 3583 1⁵1
2170 3527 2398 3598 pondua.

386 3600 451 3647 19
490 3594 709 3653 dantur.
855 3604 924 3654 26
961 3601 1301 3670 percoctum.
