2575 4092
993 243 1477 308 —107—

200 402 369 463 culae
406 421 531 463 non
570 402 869 465 audientis
905 404 1211 485 infundes3
1249 404 1364 466 hoc
1402 407 1730 470 remedium
1771 410 1950 469 etiam
1978 408 2241 470 dolorem

200 492 497 553 emendat.
562 490 838 574 Herbam,
876 512 1027 573 quae
1066 493 1286 555 Gallice
1325 494 1548 557 dicitur
1582 495 1930 578 bluttbagio,
1967 501 2234 559 nascitur
2247 511 2348 561 132

198 580 350 640 locis
406 581 654 661 umidis,
709 599 837 642 eam
883 593 1047 643 teres
1091 600 1424 662 sucumque
1471 585 1628 665 eius,
1685 588 1917 647 etiamsi
1972 586 2241 648 modicus

201 669 406 750 fuerit,
444 688 584 730 cum
621 670 855 732 modico
884 674 1039 732 aceti
1065 671 1399 732 confundes
1427 681 1489 733 et
1515 676 1742 752 pariter
1770 682 1928 736 teres
1957 674 2241 737 colatum·

141 775 170 817 ⁶
200 777 321 837 que
361 777 432 819 ac
467 760 829 837 tepefactum
868 760 1113 821 auribus
1151 759 1485 823 instillabis.
1552 761 1791 824 Radicis
1830 763 2104 843 Syriacae
2131 775 2345 825 su·188

199 865 342 907 cum
389 849 449 907 in
498 866 722 929 aurem,
771 866 921 927 quae
966 849 1170 911 auditu
1220 849 1448 911 difficili
1495 852 1629 933 erit,
1675 850 1940 934 infunde,
1985 853 2240 932 gratula-

199 935 366 995 beris
411 936 763 998 remedium,

1083 1131 1244 1193 CAP.
1293 1131 1364 1194 X.

282 1243 394 1298 Ad
441 1242 666 1299 omnia
709 1242 873 1299 vitia.
915 1243 1186 1300 nerium
1231 1246 1305 1300 et
1348 1245 1439 1301 ed
1481 1245 1800 1315 pituitam
1849 1248 2152 1305 remedie

248 1331 530 1401 physice
593 1334 665 1387 et
723 1332 1147 1389 rationabilia
1210 1333 1480 1390 diverse.
1544 1336 1630 1391 de
1695 1336 2181 1406 experimentis

1018 1422 1416 1479 multorum.

379 1555 739 1636 Plerumque
776 1560 1036 1636 erumpit
1074 1560 1296 1619 nimius
1330 1578 1362 1619 e
1390 1559 1637 1620 naribus
1666 1561 1926 1639 sanguis,
1964 1562 2064 1639 qui
2096 1579 2233 1622 cum
2276 1574 2302 1623 1

196 1645 572 1706 abundanter
610 1646 797 1727 fluxit,
842 1647 960 1707 nisi
997 1648 1252 1708 celerius
1292 1650 1717 1730 supprimatur,
1763 1647 2095 1728 periculum
2134 1650 2233 1710 ad·

112 1752 167 1791 10
197 1735 332 1796 fert.
416 1734 695 1795 Proderit
740 1753 881 1814 ergo
926 1754 1079 1814 aqua
1130 1734 1341 1814 [rigida
1386 1736 1480 1796 vel
1524 1753 1704 1815 posca
1752 1736 2004 1798 subinde
2053 1747 2233 1799 totam

194 1823 411 1884 faciem
464 1842 573 1902 per
627 1823 915 1902 sfongiam
962 1824 1336 1903 refrigerare.
1435 1826 1684 1887 Acetum
1734 1844 1871 1887 acre
1917 1824 2233 1887 infundere
2270 1838 2304 1888 2

196 1915 259 1973 in
316 1929 521 1972 aurem
576 1913 845 1993 prodest,
901 1916 1074 1973 cuius
1128 1933 1161 1974 e
1218 1915 1463 1993 regione
1520 1917 1760 1994 sanguis
1807 1913 1965 1996 fluit,
2024 1922 2128 1976 aut
2172 1917 2234 1976 in

197 2010 515 2080 utramque
583 2003 844 2082 mittere,
910 2004 963 2062 si
1028 2020 1099 2062 ex
1155 2010 1410 2082 utraque
1467 2022 1609 2065 nare
1665 2002 1942 2064 manabit.
2035 2002 2231 2083 Gypso
2269 2017 2302 2066 3

195 2097 382 2150 totam
421 2090 633 2156 faciem
672 2109 807 2151 cum
848 2092 1041 2151 fronte
1080 2099 1141 2151 et
1177 2094 1430 2153 maxime
1470 2110 1646 2154 nares
1674 2094 1938 2154 crassius
1965 2092 2232 2153 oblinere

114 2193 168 2235 15
195 2178 445 2258 prodest
500 2189 560 2238 et
617 2187 795 2258 caput
851 2180 1061 2257 frigida
1118 2198 1269 2259 aqua
1316 2180 1499 2242 multa
1538 2182 1914 2262 perfundere.
2007 2181 2229 2244 Cucur·
2267 2195 2302 2244 4

196 2268 384 2329 bitam
457 2286 696 2347 quoque
769 2268 1176 2329 medicinalem
1242 2271 1521 2349 occipitio
1585 2269 1843 2349 adfigere
1908 2272 2231 2349 plurimum

195 2357 471 2436 prodest,
526 2358 750 2417 inicere
807 2367 1003 2418 autem
1059 2360 1223 2418 intus
1277 2360 1339 2418 in
1398 2376 1599 2420 narem
1651 2358 1952 2438 oportebit
1997 2358 2230 2420 cocleae

196 2448 363 2506 vivae
418 2463 658 2506 carnem
714 2464 823 2524 per
878 2464 942 2507 se
998 2456 1102 2507 aut
1147 2465 1282 2507 cum
1331 2449 1486 2507 turis
1532 2447 1749 2526 polline
1796 2449 2016 2508 tritam.
2089 2446 2230 2507 Ver·
2267 2459 2300 2510 5

196 2534 411 2595 benam
459 2533 731 2616 herbam,
786 2553 965 2616 quae,
1021 2536 1156 2615 quia
1204 2535 1388 2596 multa
1434 2544 1527 2596 est
1572 2545 1633 2596 et
1677 2536 1902 2615 ubique
1947 2537 2231 2615 nascitur,

113 2639 170 2677 so
196 2621 523 2702 polygonos
560 2621 909 2705 appellatur,
947 2626 1133 2685 inseri
1162 2624 1408 2685 naribus
1439 2625 1701 2703 prodest.
1774 2623 2062 2685 Similiter
2089 2624 2231 2685 facit

197 2721 257 2772 et
302 2711 681 2791 lysimachios
727 2712 912 2773 herba
957 2715 1099 2774 trita
1144 2715 1418 2792 inposita.
1511 2712 1734 2775 Eodem
1785 2731 2005 2792 genere
2051 2713 2228 2792 prod·

195 2804 313 2861 erit
358 2809 420 2861 et
466 2800 730 2880 sfongiae
776 2801 1125 2880 particulam
1172 2813 1540 2880 praesectam
1596 2812 1733 2883 apte
1788 2802 1993 2863 forfice
2046 2810 2107 2864 et
2156 2802 2227 2863 ad

195 2889 646 2969 amplitudinem
686 2893 919 2951 narium
958 2891 1268 2969 figuratam
1297 2893 1524 2953 inicere
1553 2891 1728 2971 paulo
1756 2893 2024 2971 pressius
2061 2899 2227 2951 aceto

195 2978 478 3039 infectam
516 2987 577 3039 et
618 2980 918 3040 interdum
966 2979 1174 3040 eodem
1219 2982 1570 3059 inspersam.
1662 2979 1858 3041 Gallae
1907 2989 1966 3040 et
2011 2979 2225 3041 chalci·
2266 2993 2298 3042 6

116 3079 170 3120 25
196 3068 339 3128 tidis
376 3066 573 3146 pulvis
610 3070 847 3129 curiose
883 3070 1065 3128 tritus
1102 3078 1279 3148 atque
1318 3072 1379 3129 in
1408 3088 1594 3131 unum
1624 3072 1832 3148 aequis
1861 3068 2227 3147 ponderibus

198 3159 419 3218 mixtus
466 3158 850 3236 insertusque
891 3156 1134 3217 naribus
1172 3159 1393 3237 optime
1432 3161 1779 3238 sanguinem
1818 3160 1991 3220 sistit.
2066 3158 2225 3219 Bene
2267 3169 2295 3217 ’1

196 3248 518 3325 supprimit
556 3255 616 3306 et
653 3246 764 3305 hoc
802 3244 1296 3306 medicamentum
1334 3250 1679 3326 sanguinem
1717 3248 1790 3308 de
1820 3246 2063 3308 naribus
2091 3265 2226 3326 pro·

195 3333 510 3395 fluentem:
556 3333 693 3394 Mali
730 3335 990 3412 corticiS,
1029 3352 1147 3412 quo
1187 3337 1424 3396 coriarii
1462 3344 1731 3417 utuntur,
1769 3335 1831 3396 P.
1860 3334 1903 3415 1,
1948 3334 2226 3396 aluminis

193 3424 470 3503 Aegyptii
517 3420 578 3481 P.
609 3421 651 3501 1,
698 3421 1029 3483 chalcitidis
1075 3422 1138 3483 P.
1173 3423 1216 3484 1.
1308 3424 1634 3503 Diligenter
1679 3427 1820 3485 trita
1865 3423 2011 3484 haec
2059 3430 2120 3483 et
2164 3426 2225 3484 in

334 3619 369 3666 3
407 3608 676 3665 humidis.
820 3617 851 3665 6
890 3610 1134 3667 difficile.
1287 3618 1352 3667 18
1389 3610 1675 3681 pollinem.
1829 3616 1899 3665 24
1935 3610 2209 3668 calchidis
