2575 4092
1115 266 1191 274 —
1287 229 1426 307 168Ι
1512 265 1590 274 -·

332 392 691 456 carbonibus
737 393 1071 472 positorum
1118 392 1320 454 fumus
1367 393 1633 454 remedio
1682 399 1791 471 est,
1838 393 1890 453 si
1936 410 2040 452 ore
2077 391 2268 453 hianti
2304 400 2369 453 et

332 482 604 544 faucibus
650 483 873 562 apertis
919 482 1279 562 excipiatur3
1326 483 1442 543 eici
1487 482 1647 543 enim
1694 488 1756 543 et
1801 480 2017 561 expelli
2052 480 2368 542 devoratas

223 584 294 634 96
332 572 723 651 sanguisugas
767 569 881 631 hac
926 572 1157 632 ratione
1204 572 1609 632 certissimum
1656 562 1764 632 est.
1841 570 1909 631 In
1947 588 2019 630 eo
2066 578 2254 652 aceto,
2300 573 2369 630 in

335 679 452 740 quo
497 662 668 740 prius
715 660 943 721 ferrum
991 660 1227 721 fervens
1274 661 1355 721 sit
1391 662 1741 741 extinctum,
1792 657 2072 740 butyrum
2112 661 2367 720 missum

333 759 393 811 et
440 748 789 810 calefactum
834 748 1118 828 paulatim
1167 751 1219 809 si
1264 748 1676 829 absorbeatur,
1722 749 1898 810 eiciet
1943 748 2017 809 de
2057 748 2366 809 stomacho
2395 763 2430 804 ⁵

333 840 738 918 sanguisugas

222 938 292 989 97
509 927 597 988 Ad
629 920 1242 1005 stridorem'pectoris
1269 925 1690 1004 deponendum
1721 927 1957 1005 senapis
1984 928 2208 1004 optime
2239 927 2370 986 triti

331 1016 573 1096 cyathos
630 1016 781 1077 duos
838 1023 899 1076 et
950 1014 1142 1076 mellis
1189 1017 1401 1095 optimi
1446 1014 1784 1093 despumati
1830 1015 2110 1095 cyathum
2152 1016 2371 1076 misce·

329 1104 423 1165 bis
471 1113 533 1165 et
577 1105 816 1166 ieiunus
864 1103 960 1164 die
1008 1102 1197 1165 calido
1253 1111 1359 1165 aut
1411 1105 1475 1164 in
1528 1103 1661 1165 loco
1717 1102 1920 1184 tepido
1966 1104 2370 1183 gargarizabis

330 1201 392 1254 et
439 1194 601 1253 sines
645 1194 874 1272 patenti
920 1210 1024 1253 ore
1071 1210 1342 1253 umorem
1391 1192 1733 1254 decurrere.
2399 1208 2453 1248 ιο

223 1293 292 1342 98
508 1281 596 1342 Ne
642 1280 838 1341 media
883 1280 1148 1361 doleant,
1202 1280 1344 1342 luna
1398 1282 1650 1361 septima
1706 1282 1935 1342 decima
1983 1298 2220 1361 semper
2266 1280 2371 1341 alii

329 1371 554 1431 incocti
598 1377 770 1430 terna
816 1387 999 1449 grana
1042 1380 1295 1450 purgata
1340 1369 1701 1451 transglutti,
1748 1372 1898 1431 mire
1944 1369 2230 1450 proderit.

223 1471 291 1520 99
509 1458 829 1520 Corallium
884 1460 1094 1520 tritum
1149 1477 1222 1519 ex
1278 1477 1432 1538 aqua
1486 1461 1657 1538 potui
1712 1458 1916 1520 datum
1975 1460 2369 1520 reiectionem

331 1549 637 1628 sanguinis
674 1549 976 1629 reprimit3
1011 1549 1111 1608 cui
1146 1549 1238 1608 rei
1275 1555 1337 1608 et
1363 1555 1676 1609 castaneae
1706 1547 2040 1627 medentur,
2078 1550 2131 1609 si
2159 1556 2369 1609 coctae

330 1655 506 1716 quam
555 1637 845 1716 plurimae
893 1635 1346 1698 manducentur.
2398 1652 2450 1693 ιε»

225 1737 327 1787 100
506 1726 595 1787 Ad
633 1734 862 1786 tussem
894 1724 1224 1786 Vindiciani
1255 1725 1475 1786 medici
1503 1725 1835 1786 remedium
1866 1725 2194 1804 singulare:
2235 1724 2371 1787 Sul-

328 1832 445 1893 pur
491 1816 690 1876 vivum
735 1822 895 1875 teres
944 1822 1005 1875 et
1039 1813 1304 1875 involves
1351 1814 1425 1875 de
1464 1815 1716 1893 axungia
1756 1816 1923 1893 porci
1961 1816 2367 1875 vetustissima

330 1910 391 1964 et
428 1901 613 1982 dabis,
651 1911 720 1964 ut
756 1903 1165 1981 transgluttiat
1204 1911 1331 1963 tres
1367 1901 1581 1981 pilulas
1617 1904 1810 1981 prima
1840 1902 1956 1982 die,
1994 1903 2256 1963 secunda
2294 1903 2365 1985 ss,

328 1994 507 2053 tertia
562 1991 614 2074 13
669 1990 819 2053 tales
875 2000 1073 2052 autem
1127 1991 1347 2070 pilulae
1403 1999 1609 2071 erunt,
1667 1998 1735 2052 ut
1781 1990 1953 2053 facile
1999 1995 2364 2053 transvorari

328 2083 587 2161 possint3
641 2080 758 2140 hoc
811 2080 1145 2141 remedium
1202 2083 1380 2140 etiam
1439 2081 1610 2159 equis
1658 2079 2053 2142 tussientibus
2099 2081 2363 2160 prodest.
2396 2096 2448 2136 so

226 2179 324 2228 101
340 2168 431 2229 Ad
479 2176 707 2229 tussem
754 2168 1087 2229 remedium
1134 2167 1371 2230 efficax:
1424 2167 1648 2249 Herba,
1701 2187 1853 2247 quae
1902 2168 2120 2229 Gallice
2168 2170 2373 2231 callio-

331 2274 599 2336 marcus,
655 2256 865 2318 Latine
912 2258 1052 2335 equi
1098 2256 1321 2336 ungula
1367 2266 1639 2338 vocatur,
1686 2256 1934 2319 collecta
1979 2257 2118 2319 luna
2165 2267 2369 2320 vetere

332 2345 534 2406 liduna
601 2345 696 2406 die
750 2344 905 2405 Iovis
970 2346 1189 2406 siccata
1242 2348 1412 2423 prius
1467 2348 1530 2406 in
1587 2345 1764 2408 ollam
1830 2364 2041 2407 novam
2107 2349 2371 2410 mittitur

333 2453 468 2495 cum
525 2436 738 2513 prunis
796 2432 1143 2495 ardentibus
1154 2480 1173 2513 ,
1238 2452 1390 2512 quae
1455 2435 1612 2495 intra
1670 2433 1844 2496 ollam
1908 2437 2063 2496 mitti
2119 2434 2369 2519 debent3

333 2524 684 2604 superficies
730 2541 872 2584 sane
920 2524 1050 2584 eius
1096 2522 1305 2601 argilla
1351 2522 1668 2602 diligenter
1714 2523 1912 2585 claudi
1947 2523 2127 2585 debet
2173 2533 2236 2585 et
2273 2545 2368 2587 ca·
2397 2538 2449 2580 26

334 2612 525 2673 lamus
570 2614 783 2692 inseri,
830 2630 940 2691 per
987 2629 1165 2691 quem
1212 2629 1388 2672 umor
1434 2611 1527 2672 vel
1566 2612 1765 2673 fumus
1805 2612 2019 2673 caloris
2056 2612 2372 2676 hauriatur

228 2702 499 2761 102intra
538 2719 623 2783 οε,
660 2700 852 2761 donec
891 2702 1108 2761 arteria
1147 2701 1344 2760 omnia
1374 2707 1434 2760 et
1462 2700 1834 2762 stomachum
1863 2711 2156 2781 penetret.
2218 2702 2370 2764 Con·

334 2791 551 2869 positio
598 2789 670 2850 ad
718 2797 972 2850 tussem:
1040 2787 1231 2848 Mellis
1287 2789 1622 2868 despumati
1669 2788 1731 2850 P.
1769 2788 1820 2872 Ι,
1876 2790 2077 2850 anethi
2123 2794 2371 2854 seminis

338 2909 415 2921 -
459 2877 573 2960 111,
614 2879 841 2959 piperis
887 2909 976 2921 —-
1011 2876 1055 2938 I.
1145 2875 1306 2937 Haec
1354 2877 1805 2957 diligentissime
1852 2880 1990 2940 trita
2039 2881 2371 2943 miscentur

334 2966 523 3046 melli,
578 2975 674 3049 ut,
730 2984 866 3027 cum
926 2984 1073 3027 usus
1127 2967 1425 3045 exegerit,
1479 2965 1572 3027 bis
1619 2970 1682 3028 in
1729 2966 1824 3027 die
1872 2975 2041 3029 terna
2090 2969 2370 3030 cocliaria
2395 2983 2448 3025 so

337 3057 442 3133 qui
488 3057 645 3116 tussi
688 3053 1003 3137 laborabitx
1026 3055 1298 3132 accipiat.

230 3153 334 3203 103
517 3142 879 3223 Compositio
926 3142 1246 3223 ecligmatii
1291 3143 1364 3203 ad
1410 3142 1755 3224 pulmonem
1800 3152 2151 3223 corruptum
2198 3165 2370 3226 repa-

335 3232 617 3293 randum:
697 3231 984 3293 Marrubii
1048 3230 1399 3293 fasciculum
1465 3251 1680 3312 unum,
1742 3232 1953 3313 hysopi
2017 3234 2370 3297 fasciculum

332 3338 538 3402 unum,
576 3320 977 3400 glycyrrhizae
1004 3353 1095 3364 —
1122 3319 1222 3401 III,
1249 3321 1358 3380 iris
1386 3319 1655 3400 Illyricae
1684 3355 1769 3366 —
1801 3320 1898 3400 111,
1925 3321 2123 3384 inulae
2153 3354 2238 3368 -—
2271 3323 2369 3405 ΠΙ,

509 3533 540 3582 8
578 3529 789 3597 cyatos.
886 3532 954 3582 10
990 3545 1261 3584 umurem.
1360 3532 1426 3583 18
1465 3526 1897 3597 transglutticat
1932 3529 2072 3598 (sic).
2168 3535 2236 3584 27
2276 3546 2369 3584 ar-

327 3596 530 3652 teriam
570 3615 791 3654 omnem
831 3598 1151 3655 Gornarius.
1302 3604 1369 3654 32
1409 3598 1705 3670 eligmatii.
1855 3604 1923 3654 34
1959 3599 2294 3669 glycerizae.
