2575 4092
1084 264 1157 275 —
1260 226 1561 291 100-

304 401 534 454 coctam
582 391 675 451 vel
721 391 964 451 alteram
1015 409 1217 451 earum
1266 408 1406 450 cum
1453 390 1640 449 farina
1685 386 2013 447 hordeacea
2062 383 2338 444 similiter

304 499 376 542 ex
425 498 577 559 aqua
622 479 812 541 mulsa
850 487 1105 560 coctam3
1151 486 1391 558 oportet
1428 480 1613 560 ,etlam
1661 483 1828 537 extra
1871 473 2142 535 adhiberi
2180 473 2337 533 sfon-

303 572 428 649 gias
470 568 677 630 molles
725 587 796 629 ex
833 586 985 648 aqua
1022 567 1208 629 calida
1246 567 1399 628 bene
1443 583 1771 646 expressaS,
1817 562 2033 624 deinde
2070 562 2338 641 tepidum

304 657 594 719 instillare
640 657 1073 737 amygdalinum
1122 656 1320 717 oleum
1366 655 1457 716 vel
1505 656 1800 716 laurinum
1845 654 2083 731 saepius
2121 653 2182 711 in
2221 650 2337 710 die.

196 759 265 809 58
302 746 555 808 Prodest
609 746 760 807 bene
817 745 1061 807 auribus
1116 746 1372 806 infirmis
1428 743 1770 805 huiusmodi
1814 741 2338 802 medicamentum:
2365 759 2394 800 5

302 835 533 915 Myrrae
584 834 636 894 X
683 834 735 916 l,
781 838 942 896 croci
994 833 1046 894 X
1093 834 1144 915 l,
1200 835 1454 894 storacis
1500 831 1797 912 globuloS,
1853 848 1973 891 non
2021 827 2339 908 ampliores

304 942 482 1004 quam
528 926 689 985 cicer
734 935 851 1004 est,
905 941 1156 985 numero
1203 922 1394 1003 XXX,
1452 924 1676 1002 piperis
1722 920 1881 998 longi
1931 936 2112 997 grana
2160 915 2340 996 XXX,

304 1031 494 1073 nuces
548 1031 779 1073 amaras
833 1030 1084 1072 numero
1139 1010 1323 1072 XXX.
1428 1011 1574 1072 Cum
1632 1018 1799 1071 aceto
1854 1008 2002 1069 haec
2058 1014 2341 1067 teruntur

306 1109 426 1161 tam
470 1101 592 1181 diu,
638 1100 826 1162 donec
864 1100 1119 1161 habeant
1165 1099 1613 1180 spissitudinem
1660 1100 1847 1177 passi,
1894 1105 2071 1175 atque
2116 1097 2198 1157 ita
2244 1112 2330 1154 re·

306 1197 617 1269 ponuntur
653 1191 715 1250 in
754 1189 967 1268 pyxide
1007 1208 1222 1268 cyprea
1259 1199 1363 1250 aut
1398 1191 1462 1249 in
1499 1187 1716 1249 doliolo
1756 1190 1973 1266 vitre03
2015 1203 2153 1245 cum
2187 1201 2342 1262 opus
2372 1203 2428 1243 ιο

306 1279 513 1356 fuerit,
571 1277 1069 1339 medicamentum
1127 1296 1260 1338 rosa
1318 1278 1573 1337 admixta
1631 1275 2014 1354 liquefactum
2071 1272 2338 1353 tepidum

201 1378 270 1428 59
310 1367 429 1447 fiet,
477 1366 635 1445 quod
683 1369 747 1427 in
790 1366 922 1427 lana
969 1366 1174 1427 sucida
1222 1367 1468 1427 auribus
1513 1365 1916 1426 instillabitur.
2006 1361 2188 1422 Nardi
2236 1362 2342 1441 Sy-

309 1456 458 1515 riaci
503 1453 555 1515 X
602 1454 703 1536 vl,
757 1455 1031 1516 afronitri
1077 1454 1128 1515 X
1173 1453 1276 1535 Vl,
1335 1473 1572 1516 murrae
1618 1453 1670 1513 X
1715 1452 1852 1533 1111,
1907 1453 2133 1531 piperis
2178 1449 2345 1528 longi

310 1553 372 1604 et
409 1546 562 1604 turis
599 1542 650 1604 X
689 1543 812 1625 1111,
856 1543 1049 1604 mellis
1085 1543 1267 1604 Attici
1304 1543 1355 1603 X
1393 1542 1518 1623 1111,
1556 1542 1767 1623 balani,
1807 1560 1922 1622 qua
1961 1541 2345 1619 unguentarii

308 1640 579 1713 utuntur,
624 1634 687 1693 in
726 1631 926 1712 pilulis
968 1632 1020 1692 X
1057 1631 1176 1713 Vll,
1223 1632 1389 1693 fabae
1435 1633 1824 1711 Aegyptiacae
1861 1632 2150 1691 interiora
2187 1646 2343 1708 quae
2375 1646 2430 1688 15

309 1732 451 1781 sunt
497 1740 695 1782 amara
732 1721 784 1782 X
822 1721 948 1802 VII,
1005 1721 1322 1800 diligenter
1368 1729 1429 1781 et
1476 1738 1747 1781 seorsum
1793 1722 1933 1780 trita
1971 1720 2140 1797 prius
2174 1717 2347 1797 haec,

312 1817 517 1888 postea
562 1813 854 1889 permixta
901 1829 1038 1872 cum
1085 1819 1253 1871 aceto
1302 1810 1635 1887 levigantur
1689 1819 1752 1869 et
1807 1826 1945 1869 cum
1992 1826 2090 1867 res
2135 1814 2344 1885 postu-

311 1898 544 1978 laverit,
598 1901 829 1960 rosacei
875 1899 991 1959 olei
1038 1900 1196 1977 quod
1244 1901 1388 1959 satis
1437 1901 1515 1958 sit
1560 1897 1987 1958 admiscebitur
2033 1905 2210 1975 atque
2259 1897 2346 1956 ita

312 1994 522 2065 tepens
569 1986 954 2049 instillabitur
992 1986 1104 2048 hoc
1141 1987 1662 2066 medicamentum,
1707 1986 1865 2066 quod
1904 1986 2180 2065 protinus
2219 2003 2344 2044 om-

207 2086 274 2136 60
312 2093 420 2135 nes
457 2077 689 2135 aurium
729 2074 961 2136 sedabit
997 2074 1250 2136 dolores.
1317 2075 1475 2136 Haec
1511 2094 1748 2155 quoque
1778 2076 2108 2153 conpositio
2139 2075 2342 2134 statim
2372 2091 2431 2132 so

311 2160 547 2222 dolores
594 2166 829 2224 aurium
876 2162 1070 2224 sedat:
1133 2162 1485 2225 Centauriae
1534 2181 1705 2244 suco,
1760 2165 1814 2224 si
1869 2181 1990 2223 non
2035 2162 2347 2223 sordidum

314 2249 486 2311 ulcus
541 2250 746 2332 fuerit,
805 2269 877 2311 ex
932 2270 1082 2330 aqua
1139 2254 1228 2312 uti
1275 2251 1601 2331 oportebit3
1659 2270 1797 2313 cum
1844 2259 2042 2312 autem
2087 2251 2348 2312 multum

208 2350 272 2401 61
312 2341 482 2419 puris
529 2341 672 2417 erit,
717 2342 920 2400 vinum
968 2340 1410 2402 admiscebitur.
1503 2341 1695 2420 Supra
1749 2343 2090 2419 opinionem
2136 2341 2346 2401 efficax

314 2427 562 2489 auribus
600 2428 713 2489 hoc
754 2427 1278 2491 medicamentum:
1326 2429 1581 2509 Murrae‚
1629 2432 1809 2509 croci,
1855 2431 1994 2509 opii,
2031 2428 2203 2489 nardi
2242 2429 2348 2508 Sy·
2564 2451 2565 2504 ἢ

313 2518 486 2597 riaci,
543 2519 697 2577 turis
743 2519 1013 2599 corticis,
1071 2518 1213 2578 mali
1257 2518 1471 2580 Punici
1516 2518 1692 2598 aridi,
1740 2518 1905 2579 fabae
1954 2519 2350 2598 Aegyptiacae
2379 2536 2442 2578 ss
2560 2515 2566 2578 ¹i

316 2622 468 2684 quae
516 2613 659 2665 sunt
702 2607 1006 2688 interiora,
1053 2625 1275 2667 nucum
1318 2625 1652 2668 amararum
1691 2608 1915 2687 itidem,
1960 2606 2153 2666 mellis
2191 2606 2352 2687 boni,
2560 2575 2563 2666 l

317 2692 688 2772 singulorum
752 2694 804 2754 X
860 2694 992 2777 1111,
1057 2698 1315 2756 castorei
1370 2694 1422 2755 X
1475 2695 1555 2778 11,
1621 2696 1897 2756 alumini's
1962 2696 2089 2756 fissi
2144 2694 2195 2754 X
2256 2694 2352 2775 111,
2562 2691 2563 2694 ’

316 2783 543 2861 piperis
588 2782 750 2861 longi
794 2782 846 2842 X
893 2783 945 2864 13
1002 2785 1198 2844 omnia
1244 2786 1414 2862 prius
1461 2802 1733 2846 seorsum
1780 2783 2098 2862 diligenter
2145 2793 2351 2844 terun-

317 2878 445 2951 tur,
505 2878 711 2949 postea
767 2889 904 2932 cum
951 2881 1118 2933 aceto
1165 2876 1456 2934 acerrimo
1507 2876 1683 2934 mixta
1732 2882 2011 2934 teruntur
2056 2880 2176 2933 tam
2229 2872 2353 2952 diu,

319 2958 507 3019 donec
537 2958 792 3020 habeant
819 2960 1267 3039 spissitudinem
1296 2964 1485 3042 passi3
1519 2980 1654 3022 cum
1684 2980 1836 3041 opus
1865 2961 2063 3042 fuerit,
2090 2961 2348 3022 medica·
2378 2980 2446 3020 so

317 3055 587 3108 mentum
619 3047 944 3110 instillatur
982 3049 1276 3130 tepidum3
1314 3050 1474 3110 idem
1502 3050 1642 3111 facit
1680 3053 1915 3129 egregie
1954 3060 2014 3111 et
2043 3050 2113 3111 ad
2148 3049 2353 3111 ulcera

217 3148 282 3198 62
321 3137 554 3196 aurium
603 3137 860 3197 sananda
906 3145 1083 3217 atque
1128 3138 1453 3217 purganda.
1545 3137 1677 3220 His,
1736 3141 1840 3217 qui
1892 3138 2059 3199 surdi
2105 3147 2248 3200 sunt
2294 3149 2356 3200 et

322 3242 577 3302 quorum
624 3243 800 3286 aures
847 3234 1076 3308 sonant,
1124 3245 1306 3288 sucus
1342 3245 1490 3287 uvae
1527 3229 1858 3288 inmaturae
1902 3235 1961 3287 et
1998 3245 2169 3288 rosae
2209 3246 2355 3306 pon-

324 3312 465 3374 dere
519 3315 652 3394 pari
706 3313 1002 3376 admixtus
1059 3316 1380 3395 tepideque
1435 3315 1672 3377 infusus
1718 3315 2041 3394 plurimum
2088 3316 2356 3395 prodest.

468 3454 496 3503 1
536 3449 824 3504 ordeacea.
1023 3455 1056 3504 8
1095 3467 1164 3504 ex
1198 3467 1323 3520 eqo.-
1360 3454 1434 3505 ei..
1595 3457 1629 3505 4
1676 3450 2085 3521 amigdalinum
2131 3454 2358 3522 (saepe).

325 3524 391 3573 21
431 3520 785 3575 centnm-icae
823 3536 1033 3576 sucum.
1207 3520 1257 3576 si
1292 3539 1407 3577 non
1442 3538 1542 3578 om.
1716 3528 1786 3576 24
1817 3527 1944 3591 post
1979 3521 2360 3579 medicamen·

322 3592 446 3645 tum
483 3593 610 3648 add.
647 3591 924 3662 reperitur
962 3592 1285 3649 Gornarius.
1431 3598 1498 3648 82
1537 3595 1596 3649 et
1631 3609 1731 3649 om.
1842 3639 1847 3644 ,
