2575 4092
1001 280 1085 292 —
1182 244 1489 311 155-

231 408 429 470 facere
486 407 778 487 catapotia
832 407 1259 487 magnitudinis
1317 406 1511 488 fabae,
1564 407 1703 469 inde
1759 417 1927 470 terna
1976 408 2066 470 vel
2119 427 2260 489 qua-

231 506 402 559 terna
446 499 513 558 in
555 503 797 558 noctem
841 495 935 556 vel
980 498 1137 557 sicca
1182 495 1276 557 vel
1324 515 1395 557 ex
1451 495 1616 557 calda
1672 515 1825 577 aqua
1880 497 2049 578 dare,
2107 516 2258 578 quae

230 594 294 647 et
329 586 403 647 ad
439 585 777 647 inflationes
813 584 1331 665 distensionesque
1373 603 1512 646 cum
1548 604 1735 666 aquae
1772 585 1993 648 calidae
2030 586 2258 667 cyathis

229 673 428 736 tribus
463 674 694 735 utiliter
719 673 955 735 dantur.
1019 673 1106 734 Ad
1137 692 1269 734 eam
1297 691 1425 735 rem
1454 676 1763 735 remissior
1790 674 2030 754 quidem
2058 676 2255 755 pastil·
2295 689 2330 735 ⁶

171 775 202 819 5
232 763 355 842 lus,
410 763 515 824 sed
565 781 687 824 non
732 762 1207 825 contemnendus
1251 764 1471 843 accipit
1515 762 1689 825 baec:
1762 762 1964 844 Croci,
2009 782 2259 844 myrrae,

228 849 464 933 alterci,
519 853 642 932 opii
694 851 957 931 pondera
1012 853 1177 931 paria
1230 859 1481 913 contusa
1532 854 1862 913 miscentur
1908 852 2257 931 despumato

227 941 428 1002 Attico
467 940 646 1021 melli,
691 941 845 1001 flunt
878 939 1098 1019 pastilli
1134 940 1404 1002 eiusdem
1443 940 1744 1021 ponderis,
1787 949 1854 1001 ut
1896 958 2075 1020 supra
2114 944 2258 1003 scri·

226 1038 400 1109 ptum
447 1038 567 1109 est,
614 1028 833 1089 dantur
877 1031 1041 1091 iuxta
1087 1037 1342 1091 aetatem
1388 1037 1451 1090 et
1496 1031 1654 1090 vires
1699 1031 1764 1090 in
1809 1037 2074 1109 noctem3
2118 1029 2260 1092 licet

227 1127 290 1180 et
335 1117 475 1179 binc
513 1120 805 1198 catapotia
843 1118 1038 1179 facere
1075 1126 1324 1198 propter
1359 1118 1605 1180 eandem
1644 1136 1884 1180 causam
1924 1116 2096 1196 [utile
2135 1118 2258 1201 sit],

142 1224 198 1263 ιο
228 1207 337 1268 sed
383 1215 530 1268 tunc
576 1225 763 1286 aquae
810 1207 927 1268 mel
972 1207 1244 1270 adicitur.

407 1294 685 1357 Pastillus
721 1295 794 1356 ad
834 1297 1048 1357 tussim
1094 1303 1154 1357 et
1198 1297 1272 1359 ad
1320 1299 1669 1377 sanguinem
1715 1298 2036 1358 reicientes
2081 1305 2142 1359 et
2182 1297 2255 1359 ad
2294 1309 2327 1359 6

224 1383 603 1446 stomachum
648 1384 910 1446 solutum
947 1384 1253 1464 habentes,
1300 1386 1441 1447 facit
1482 1395 1543 1446 et
1579 1385 1652 1447 ad
1689 1385 2084 1447 deiectionem
2122 1404 2257 1447 ven-

224 1475 339 1534 tris
386 1482 448 1534 et
495 1476 723 1534 vesicae
769 1473 1062 1553 dolorem,
1108 1476 1327 1554 accipit
1370 1473 1543 1535 haec:
1599 1473 1733 1552 Apii
1784 1476 2029 1535 seminis
2076 1473 2128 1534 X
2166 1473 2258 1555 Vl,

226 1579 400 1622 rosae
437 1561 716 1624 foliorum
752 1562 1150 1625 arefactorum
1187 1565 1249 1624 in
1287 1560 1500 1623 umbra
1536 1561 1588 1621 X
1617 1560 1744 1642 XII,
1782 1579 2013 1641 myrrae
2051 1561 2103 1622 X
2133 1560 2259 1644 xn,

142 1666 199 1707 15
227 1653 392 1712 croci
441 1649 492 1710 X
528 1649 637 1733 XI,
694 1652 816 1730 opii
862 1649 914 1710 X
951 1650 1075 1713 1111.
1168 1650 1304 1730 Apii
1357 1669 1564 1712 semen
1619 1657 1679 1711 et
1723 1667 1967 1711 crocum
2014 1658 2076 1712 et
2122 1649 2259 1711 folia

225 1757 399 1800 rosae
455 1739 909 1801 contunduntur
955 1738 1443 1820 cribranturque,
1499 1757 1696 1819 myrra
1752 1740 1997 1818 teritur,
2054 1740 2258 1818 opium

226 1846 379 1908 aqua
426 1836 790 1909 maceratur,
846 1830 1044 1889 omnia
1092 1827 1308 1889 deinde
1354 1830 1418 1888 in
1463 1846 1649 1888 unum
1698 1828 2052 1908 miscentur3
2107 1845 2258 1907 aqua

227 1917 456 1978 adiecta
501 1918 655 1978 fiunt
699 1916 919 1996 pastilli
963 1917 1035 1977 ad
1081 1917 1319 1996 pondus
1365 1916 1595 1977 denarii
1640 1917 1908 1977 semissis
1943 1923 2046 1977 aut
2081 1918 2260 1977 tertia

226 2013 397 2085 parte
453 2005 743 2086 detracta,
798 2005 1017 2086 dantur
1063 2005 1433 2067 stomachum
1488 2003 1853 2066 imbecillum
1900 2003 2259 2066 habentibus

137 2110 200 2149 ao
227 2102 291 2156 et
333 2096 685 2173 sanguinem
731 2093 1119 2154 reicientibus
1174 2113 1245 2156 ex
1299 2112 1486 2173 aquae
1543 2093 1792 2173 frigidae
1840 2093 2069 2173 cyathis
2115 2093 2258 2155 duo-

224 2183 359 2266 bus,
405 2185 623 2245 ceteris
667 2201 739 2243 ex
786 2182 1010 2243 calidae
1057 2183 1306 2244 totidem
1352 2182 1581 2263 cyathis
1625 2182 1757 2243 dari
1800 2181 1995 2243 debet.

403 2270 681 2332 Pastillus
727 2290 797 2332 ex
847 2270 1159 2352 odoribus,
1215 2273 1321 2351 qui
1373 2270 1528 2332 bene
1575 2271 1718 2332 facit
1761 2270 1833 2331 ad
1882 2289 2119 2332 omnem
2165 2273 2252 2332 in·

222 2370 467 2423 ternum
512 2359 794 2440 dolorem,
841 2361 1083 2438 proprie
1131 2367 1333 2421 autem
1379 2360 1454 2420 ad
1499 2362 1713 2421 tussim
1759 2367 1820 2420 et
1855 2361 2118 2439 pectoris
2156 2360 2254 2420 de-

226 2447 608 2511 stillationem
656 2456 718 2509 et
762 2447 1071 2510 oculorum
1119 2448 1465 2530 epiphoras,
1514 2449 1654 2509 facit
1701 2458 1762 2509 et
1806 2448 1878 2509 ad
1926 2450 2256 2527 suspirium

137 2553 198 2595 25
227 2546 290 2600 et
335 2538 408 2599 ad
455 2537 659 2598 lateris
705 2536 970 2597 dolorem
1024 2544 1085 2598 et
1143 2538 1216 2597 ad
1271 2537 1589 2616 pthisicos‚
1636 2538 1832 2597 vesica
1877 2554 2117 2616 quoque
2162 2535 2258 2597 vel

223 2626 474 2688 renibus
519 2625 928 2687 laborantibus
974 2624 1067 2685 vel
1113 2627 1461 2704 sanguinem
1518 2625 1592 2686 de
1647 2627 1819 2685 urina
1867 2624 2256 2686 reddentibus

223 2733 365 2778 cum
409 2714 614 2776 dolore
660 2713 889 2776 utiliter
934 2715 1136 2795 datur,
1191 2716 1411 2793 accipit
1455 2713 1629 2775 haec:
1702 2713 1998 2794 Cinnam,
2044 2717 2256 2795 casiae,

223 2806 408 2885 croci,
455 2803 826 2882 singulorum
872 2801 923 2862 X
969 2813 1193 2884 ternos,
1249 2803 1458 2864 alterci
1502 2804 1748 2864 seminis
1794 2811 1856 2863 et
1899 2802 2254 2881 Apollinaris
2300 2873 2313 2883 ⁶

221 2891 447 2954 herbae
493 2892 711 2954 radicis
756 2892 1126 2971 singulorum
1176 2891 1228 2951 X
1268 2900 1610 2972 quaternos,
1654 2893 1879 2970 piperis
1915 2890 1967 2950 X
2005 2890 2085 2972 11,
2133 2893 2256 2970 opii

137 2997 198 3037 so
225 2980 280 3042 X
315 2980 397 3063 11,
454 2983 609 3043 turis
655 2980 707 3040 X
742 2979 855 3061 111,
907 2979 1079 3040 nardi
1126 2982 1325 3059 spicae
1372 2978 1424 3040 X
1461 2979 1532 3041 ΙΙ.
1623 2979 1772 3040 Vino
1818 2978 2068 3041 Falerno
2115 2999 2254 3041 con-

225 3078 362 3131 tusa
406 3078 469 3131 et
510 3072 652 3132 trita
698 3068 872 3150 haec,
918 3076 987 3130 ut
1032 3068 1236 3147 debet,
1283 3077 1789 3150 consparguntur,
1839 3069 1992 3130 flunt
2034 3069 2257 3150 pastilli

225 3158 300 3219 ad
346 3159 582 3237 pondus
630 3157 680 3219 X
723 3159 990 3219 semissis
1041 3165 1142 3219 aut
1178 3159 1354 3218 tertia
1390 3165 1561 3237 parte
1598 3156 1891 3238 detracta3
1938 3158 2155 3219 dantur
2192 3160 2254 3219 in

223 3254 483 3327 noctem,
526 3255 707 3326 prout
750 3248 913 3325 aegri
956 3247 1117 3307 vires
1164 3253 1324 3327 sunt,
1369 3264 1505 3308 cum
1542 3264 1729 3326 aquae
1767 3245 1991 3308 calidae
2027 3246 2255 3326 cyathis

223 3334 463 3396 duobus
507 3344 609 3396 aut
653 3334 866 3397 tribus.

369 3548 403 3596 9
440 3542 605 3597 verba
641 3539 783 3596 utile
821 3541 897 3595 sit
930 3556 1045 3595 non
1078 3546 1209 3597 aunt
1245 3541 1403 3609 apud
1439 3539 1687 3596 Scribon.
1796 3544 1861 3594 19
1900 3536 2256 3593 imbioillum.

224 3619 293 3669 22
331 3611 624 3682 pantenus.
768 3616 836 3666 25
872 3610 1137 3680 phisicos.
1283 3616 1354 3666 28
1391 3609 1729 3680 apolenaris.
