2575 4092
1005 239 1484 345 ÷315—

403 401 709 463 Confectio
753 404 1092 464 iniectionis
1140 403 1212 464 ad
1251 402 1448 464 colum
1488 405 1601 464 sic:
1647 402 1784 483 Opii
1822 401 1981 484 drag.
2017 404 2111 488 vl,
2157 423 2251 467 ca·
2290 422 2359 471 61

217 492 411 553 storei
446 491 607 572 drag.
644 490 772 573 1111,
817 510 1050 571 myrrae
1089 491 1503 572 troglodytidis
1540 488 1702 569 drag.
1739 492 1782 574 1,
1819 495 1985 556 croci
2021 492 2180 575 drag.
2208 495 2252 575 1,

216 581 368 641 nitri
411 578 571 660 drag.
624 578 704 661 11,
760 580 996 642 euforbi
1049 580 1211 661 drag.
1260 579 1340 662 11,
1396 589 1567 643 rutae
1624 580 1914 644 silvestris
1971 580 2129 662 drag.
2181 584 2252 666 11,

216 668 416 730 mellis
462 675 751 748 quantum
797 669 1040 731 denseri
1084 671 1282 731 omnia
1326 672 1576 750 possint.
1660 667 1891 740 Quibus
1940 674 2253 753 permixtis

151 779 188 820 5
219 757 556 819 trochiscos
603 757 1056 837 diligentissime
1102 760 1291 820 factos
1338 759 1602 821 servabis
1649 766 1710 819 et
1750 779 1888 822 cum
1924 763 2252 823 necessitas

217 848 404 908 fuerit
457 846 769 929 iniciendi,
833 847 1057 909 adicies
1112 847 1229 909 olei
1281 848 1549 910 anethini
1608 879 1689 891 —
1741 847 1844 931 Vl,
1898 848 2099 930 butyri
2153 869 2251 912 ex-

216 936 393 996 salati
451 968 528 979 —
587 934 695 1017 111,
755 936 928 998 nardi
987 969 1062 980 —
1124 936 1194 998 11.
1286 936 1394 998 His
1448 936 1728 999 omnibus
1781 937 1856 999 de
1917 939 2253 1021 trochisois,

218 1042 479 1103 quorum
534 1024 857 1105 descriptio
915 1027 1194 1106 superius
1248 1028 1620 1107 continetur,
1686 1026 1906 1088 adicies
1963 1035 2251 1106 quantum

217 1112 388 1174 fabae
433 1131 685 1192 granum
731 1120 840 1196 est,
887 1115 950 1175 in
996 1133 1149 1195 aqua
1193 1114 1424 1176 modica
1471 1113 1731 1177 solutum
1777 1122 1839 1176 et
1883 1116 1965 1176 ita
2010 1115 2121 1177 hac
2163 1118 2252 1177 in·

120 1221 188 1261 ao
214 1203 475 1263 iectione
521 1201 839 1281 diligenter
883 1206 1091 1265 uteriS.

1043 1445 1202 1513 CAP.
1249 1448 1432 1511 xxx.
1466 1430 1482 1443 ’

211 1581 329 1637 Ad
372 1581 680 1636 ventrem
719 1578 1206 1635 resolvendum
1242 1582 1315 1635 et
1350 1572 1584 1635 omnes
1623 1578 1772 1635 eius
1807 1578 2251 1638 difficultates

209 1681 487 1726 necnon
532 1671 602 1724 et
645 1666 736 1723 ad
780 1667 1052 1724 cholera.
1088 1668 1481 1738 proicienda
1514 1666 1628 1724 vel
1663 1666 2034 1725 inhibenda
2070 1669 2248 1726 sales

406 1760 478 1813 et
520 1755 833 1827 potiones
879 1758 951 1812 et
996 1757 1333 1827 oatapotia.
1377 1756 1748 1813 cathartica.
1792 1756 2062 1813 diversa.

918 1846 1003 1901 de
1050 1845 1554 1915 experimentis.

398 1998 689 2071 Quoniam
725 1999 1031 2061 interdum
1067 2017 1168 2060 res
1195 1999 1458 2080 postulat
1484 2007 1546 2061 et
1572 2017 1681 2078 per
1709 1997 1904 2059 alvum
1932 1997 2247 2060 detrahere
2289 2013 2316 2062 1

210 2090 526 2151 materiam
571 2090 765 2149 omnis
816 2089 1044 2149 umoris
1087 2090 1210 2149 sive
1257 2088 1544 2168 hydropis
1592 2090 1715 2148 sive
1763 2086 2028 2148 diutinae
2076 2086 2248 2169 lippi·

213 2177 448 2239 tudinis
495 2176 823 2238 secundum
871 2179 1176 2256 sanguinis
1223 2176 1465 2256 quidem
1512 2176 1970 2258 detractionem,
2024 2194 2141 2256 qua
2187 2184 2249 2238 et

217 2265 482 2327 scabiem
536 2274 598 2326 et
645 2267 842 2345 ignem
889 2283 1123 2327 sacrum
1173 2273 1233 2327 et
1260 2266 1523 2347 papulas
1567 2264 1926 2326 habentibus
1973 2264 2248 2327 subveni-

131 2377 188 2418 15
222 2365 323 2417 tur
373 2386 452 2399 -
502 2371 637 2414 nam
692 2356 944 2414 maxime
999 2354 1379 2434 phlebotomo
1433 2353 1778 2416 huiusmodi
1832 2355 1991 2415 circa
2048 2359 2249 2416 cut'em

220 2461 515 2506 summam
560 2444 700 2503 vitia
745 2444 947 2504 innata
993 2443 1278 2504 sedantur
1321 2477 1397 2486 —
1435 2446 1636 2523 itaque
1674 2461 1793 2503 non
1830 2449 1951 2504 tam
1989 2442 2249 2505 alienum

217 2532 612 2594 iudicavimus
667 2531 883 2592 horum
940 2549 1177 2611 quoque
1243 2550 1464 2610 genera
1528 2549 1854 2610 exponere,
1920 2531 2024 2592 sed
2080 2534 2248 2611 prius

217 2623 508 2701 dicemUS,
553 2638 705 2699 quae
753 2619 948 2681 alvum
992 2620 1378 2681 mediocriter
1422 2618 1691 2680 molliant
1730 2627 1791 2679 et
1828 2637 1978 2698 quae
2018 2621 2139 2681 sint
2175 2620 2247 2682 ad

217 2711 334 2772 hoc
382 2707 672 2789 simplicia
718 2709 997 2769 remedia.

129 2821 192 2861 20
399 2798 589 2858 Mollit
634 2815 775 2876 ergo
816 2796 1011 2858 alvum
1047 2797 1233 2858 herba
1268 2795 1640 2858 Mercurialis
1676 2795 1905 2858 levibus
1941 2795 2247 2858 holeribus
2284 2812 2316 2860 2

222 2906 399 2967 quam
445 2886 699 2967 plurima
746 2887 944 2947 mixta.
1021 2885 1170 2946 Item
1217 2885 1409 2946 mollit
1453 2885 1647 2946 alvum
1694 2887 1839 2947 nitri
1883 2884 1935 2945 X
1983 2887 2248 2947 semissis

219 2978 443 3037 mixtus
489 2993 629 3036 cum
674 2976 872 3035 resina
917 2973 1319 3036 terebinthina
1365 2982 1426 3035 et
1470 2974 1763 3036 avellanae
1812 2976 1983 3035 nucis
2024 2976 2247 3053 magni·

221 3065 430 3126 tudine
467 3064 799 3124 devoratus
862 3062 1073 3124 Caules
1111 3081 1351 3142 quoque
1389 3062 1435 3122 V
1471 3062 1564 3123 vel
1600 3062 1675 3123 VI
1712 3082 1847 3124 cum
1878 3062 2018 3124 salis
2047 3064 2247 3142 granis

220 3154 472 3215 totidem
527 3159 588 3213 et
641 3154 762 3231 apii
817 3153 1042 3213 semine
1087 3152 1334 3230 paribus
1379 3154 1678 3213 mensuris
1724 3152 1958 3214 decocti
2001 3153 2064 3213 in
2110 3154 2246 3212 vino

402 3329 436 3377 2
473 3322 803 3379 troclodidis
943 3327 977 3377 5
1016 3320 1452 3391 diligentissime
1496 3323 1720 3393 scripsi.-
1766 3319 2245 3393 diligentissimos.

220 3402 255 3450 6
297 3394 576 3521 bui-,agen
601 3464 676 3519 ad
703 3464 846 3519 sales
875 3463 1222 3519 conficienda
1250 3466 1308 3519 et
1334 3464 1591 3534 potiones
1624 3466 1683 3519 et
1709 3464 1999 3534 catapotia.
2026 3464 2246 3519 cathar-

216 3537 341 3592 tica.
376 3535 627 3591 remedia.
660 3534 929 3604 phoesica.
966 3538 1025 3589 et
1059 3534 1424 3591 rationabilia.
1459 3534 1681 3589 diversa.
1717 3534 1787 3589 de
1825 3552 1949 3603 exp.

406 3610 473 3660 15
509 3604 855 3676 phleutomO.
967 3611 1033 3660 18
1070 3622 1212 3674 quae
1249 3611 1378 3661 ante
1413 3606 1603 3660 alvum
1638 3620 1739 3661 om.
1841 3612 1908 3659 21
1946 3604 2109 3676 item]
2147 3604 2246 3663 ita.
