2575 4092
242 1038 310 1089 72

1125 237 1599 304 —380—

346 401 487 464 dum
528 404 764 482 teritur,
809 400 1352 479 supermittendum
1393 400 1905 480 medicamentum,
1953 399 2113 479 quod
2153 401 2215 461 in
2258 420 2383 462 am·

346 490 506 569 pulla
563 499 681 572 est,
744 493 825 551 ita
882 498 951 550 ut
1004 489 1075 549 ad
1134 489 1488 550 densitatem
1551 488 1985 568 cataplasmatis
2051 489 2380 571 redigatur,

348 580 614 640 addenda
646 588 707 640 et
734 577 850 639 olei
878 580 1038 638 rosei
1065 577 1356 639 coclearia
1385 578 1531 659 duo;
1571 580 1657 638 sic
1685 577 2090 638 inducendum
2118 578 2378 640 medica-

348 678 614 730 mentum
661 670 725 727 in
770 666 954 727 linteo
994 674 1054 728 et
1090 666 1508 746 adponendum
1546 667 1693 727 locis
1731 666 2089 728 dolentibus,
2156 666 2377 748 Super-

346 758 541 836 posito
599 774 739 817 vero
798 755 979 816 linteo
1027 755 1264 816 salubre
1313 773 1445 816 esse
1492 763 1702 816 auctor
1751 755 2001 816 remedii
2047 755 2230 816 huius
2279 757 2377 817 ad·
2402 772 2428 813 5

348 846 562 926 firmat,
609 847 666 910 si
708 843 801 905 vel
847 846 976 923 ipsa
1023 843 1172 926 lana,
1220 862 1370 924 quae
1418 862 1697 925 expressa
1735 851 1843 924 est,
1892 843 1983 903 vel
2021 844 2132 904 alia
2171 846 2379 906 sucida

348 952 530 1013 supra
576 933 929 1012 cataplasma
974 933 1087 994 hoc
1133 940 1392 1013 ponatur
1436 940 1499 993 et
1540 932 1750 993 leviter
1795 931 2108 1010 obligetur.

528 1021 833 1084 Confectio
888 1019 1218 1102 emplastri,
1274 1022 1435 1101 quod
1489 1040 1593 1082 rex
1650 1019 2024 1081 Ptolomaeus
2079 1024 2381 1084 invenisse

351 1111 589 1191 dicitur,
634 1112 852 1189 accipit
896 1109 1074 1171 haec:
1123 1109 1259 1170 Sevi
1306 1112 1530 1171 taurini
1574 1111 1809 1170 remissi
1855 1108 2151 1190 colatique
2199 1120 2378 1191 atque

349 1202 413 1260 in
460 1199 725 1279 pastillos
772 1200 962 1259 coacti
998 1198 1060 1259 P.
1101 1197 1163 1280 V,
1211 1201 1444 1259 resinae
1484 1199 1668 1259 frixae
1704 1197 1767 1260 P.
1805 1197 1871 1278 V,
1918 1198 2208 1260 medullae
2249 1218 2375 1261 cer·
2401 1216 2446 1255 10

350 1290 520 1348 vinae
556 1320 647 1331 ——
675 1285 766 1366 v1,
814 1288 944 1347 suci
991 1295 1224 1348 mentae
1268 1320 1345 1329 —
1379 1287 1449 1367 11,
1495 1290 1626 1348 suci
1664 1289 1975 1348 mentastri
2017 1320 2093 1329 —
2127 1286 2199 1369 Π,
2248 1291 2378 1350 suci

350 1376 596 1437 feniculi
646 1408 723 1418 —
767 1375 837 1457 11,
885 1377 1015 1436 suci
1061 1375 1349 1437 marrubii
1387 1410 1476 1419 —
1511 1376 1583 1456 Π,
1630 1378 1760 1436 suci
1806 1375 2147 1455 hyoscyami
2191 1408 2269 1419 -
2312 1376 2380 1458 Π,

353 1467 485 1526 suci
538 1465 895 1544 plantaginis
950 1467 1193 1525 maioris
1244 1497 1322 1507 —
1363 1464 1442 1544 ll,
1490 1466 1618 1525 suci
1663 1464 1883 1542 lapathi
1920 1497 2004 1507 —
2043 1464 2122 1546 Π,
2171 1484 2381 1544 specu-

351 1553 495 1614 laris
542 1555 699 1615 cocti
746 1559 807 1614 et
852 1570 1029 1632 quam
1077 1555 1475 1614 minutissime
1522 1554 1649 1613 triti
1684 1552 1748 1613 P.
1785 1552 1828 1613 1.
1901 1551 2130 1622 Quibus
2177 1556 2240 1613 in
2291 1573 2380 1614 or-

353 1642 550 1703 dinem
597 1643 963 1721 praeparatis
1011 1660 1215 1702 sevum
1262 1651 1325 1702 et
1367 1641 1624 1702 medulla
1674 1641 1830 1701 lento
1878 1642 2002 1720 igni
2038 1643 2100 1701 in
2139 1643 2381 1703 vasculo
2406 1656 2451 1697 1⁵

351 1749 535 1791 aeneo
582 1733 992 1811 remittentur3
1039 1740 1168 1792 tum
1213 1732 1410 1791 resina
1449 1730 1811 1791 comminuta
1848 1737 2025 1810 atque
2065 1732 2205 1792 trita
2250 1750 2380 1792 sen-

352 1822 463 1880 sim
501 1821 562 1879 in
604 1837 808 1879 sevum
849 1822 1321 1900 supermittctur,
1362 1827 1428 1880 ut
1466 1818 1644 1879 simul
1672 1818 1986 1897 liquefacta
2014 1821 2381 1897 permiscere

351 1926 416 1969 se
471 1910 733 1989 possint3
799 1907 1013 1968 deinde
1073 1909 1137 1968 in
1191 1909 1545 1968 mortarium
1609 1925 2008 1967 marmoreum
2064 1907 2383 1986 diligenter

351 1995 539 2058 colata
580 1995 985 2075 mutabuntur,
1024 2014 1175 2075 quae
1213 1995 1408 2056 adbuc
1445 1997 1708 2074 tepentia
1748 1995 2201 2073 diligentissime
2240 2014 2380 2057 con-

350 2093 639 2146 terentur.
714 2081 876 2155 Quae
924 2104 1060 2145 cum
1108 2085 1349 2145 densari
1395 2086 1720 2165 coeperint,
1766 2084 1906 2144 dum
1955 2084 2149 2145 adbuc
2188 2085 2377 2146 calida
2406 2100 2456 2140 20

352 2181 555 2254 erunt,
610 2176 691 2234 ita
738 2181 807 2233 ut
852 2172 1012 2233 calor
1059 2174 1347 2233 sustineri
1390 2172 1664 2233 manibus
1709 2174 1924 2254 possit,
1972 2191 2150 2234 sucos
2198 2192 2381 2253 supra

352 2264 710 2340 scriptarum
758 2260 1080 2321 herbarum
1128 2261 1528 2340 superfundes
1570 2268 1631 2321 et
1666 2263 1887 2322 iterum
1927 2260 2380 2339 diligentissime

352 2358 511 2411 teres
559 2358 618 2410 et
663 2351 1013 2427 priusquam
1058 2352 1300 2427 penitus
1348 2350 1579 2411 desinat
1623 2349 1804 2430 calor,
1851 2360 2268 2429 praeparatum
2307 2352 2380 2412 de

352 2436 648 2518 speculari
702 2436 1006 2516 pulverem
1064 2440 1284 2499 mittes,
1367 2437 1571 2518 Itaque
1624 2440 1822 2499 omnia
1867 2440 2043 2500 simul
2090 2442 2276 2500 mixta
2323 2451 2381 2501 et

352 2527 684 2587 diutissime
740 2527 880 2586 trita
938 2533 1115 2606 atque
1172 2527 1244 2587 ad
1311 2545 1603 2587 summam
1665 2526 1965 2587 levitatem
2020 2529 2261 2589 redacta
2319 2531 2380 2589 in
2406 2543 2455 2585 25

351 2617 540 2676 vitreo
579 2614 816 2675 vasculo
855 2623 1241 2694 reponentur.
1291 2614 1417 2676 Hoc
1457 2615 1844 2694 emplastrum
1873 2616 2017 2676 utile
2045 2615 2139 2677 his
2169 2617 2381 2679 rebus:

352 2704 422 2765 ad
479 2704 801 2783 podagram
862 2712 922 2764 et
977 2722 1297 2764 nervorum
1361 2704 1598 2764 dolores
1662 2706 2250 2786 contractionesque,
2310 2708 2379 2767 ad

351 2793 487 2854 luxa
543 2792 637 2853 vel
693 2793 904 2873 fracta,
970 2792 1042 2853 ad
1099 2792 1369 2870 pustulas
1425 2811 1658 2872 omneS,
1715 2792 1790 2853 ad
1846 2793 2098 2854 duritias
2153 2813 2379 2876 omnes,

351 2883 672 2960 praecipue
721 2881 792 2941 ad
838 2898 1228 2941 mammarum
1274 2882 1444 2961 vitia,
1499 2881 1572 2941 ad
1621 2883 2044 2962 carcinomata,
2100 2884 2172 2944 ad
2220 2883 2379 2962 glan-

353 2970 538 3050 dulas,
577 2969 650 3029 ad
688 2968 932 3030 vulnera
970 2971 1165 3030 omnia
1205 2969 1473 3050 quolibet
1514 2970 1689 3030 modo
1718 2971 1991 3049 inpressa
2018 2971 2110 3031 vel
2146 2980 2379 3033 vetusta
2404 2987 2453 3027 ao

351 3057 445 3118 vel
490 3060 772 3139 recentia,
819 3058 890 3118 ad
937 3057 1275 3118 lumborum
1324 3066 1384 3119 et
1429 3057 1518 3118 ilii
1564 3058 1846 3137 dolorem,
1893 3059 1965 3119 ad
2005 3060 2379 3139 scapularum

351 3146 634 3230 dolorem,
680 3147 751 3207 ad
799 3146 1105 3227 pthisicoS,
1150 3149 1232 3207 ita
1281 3156 1347 3208 ut
1394 3147 1778 3225 emplastrum
1826 3147 1939 3208 hoc
1986 3148 2276 3211 inducant
2321 3158 2379 3211 et

351 3235 578 3297 caldam
633 3253 846 3314 aquam
908 3235 1157 3295 mulsam
1214 3234 1450 3318 bibant,
1504 3235 1577 3295 ad
1633 3236 1902 3297 dentium
1958 3236 2253 3322 dolorem,
2308 3239 2376 3299 ad

350 3326 718 3403 gingivarum
776 3326 1199 3404 carcinomata,
1254 3324 1327 3384 ad
1385 3326 1596 3403 capitis
1651 3333 1712 3385 et
1767 3325 2078 3386 oculorum
2126 3327 2376 3408 dolorcS,

348 3414 430 3473 ita
471 3421 537 3473 ut
574 3412 958 3491 emplastrum
998 3411 1336 3473 dolentibus
1376 3412 1565 3474 oculis
1594 3422 2050 3496 superponatur,
2088 3415 2161 3476 ad
2201 3434 2374 3477 mem·
2399 3429 2449 3470 8⁵

528 3604 598 3653 28
636 3598 871 3653 duritias
908 3600 1247 3669 Stephanus:
1285 3600 1528 3656 duricies
1570 3601 1885 3657 Carnarius.
