2575 4092
1026 221 1510 288 —183-

253 385 564 464 permittit.
657 382 770 444 Alii
823 384 1054 446 decocti
1110 403 1261 464 aqua
1318 404 1494 447 crura
1550 386 1820 448 ulcerosa
1867 388 2112 450 adsidue
2162 388 2282 450 l'ota
2321 400 2390 449 25

252 472 532 535 celeriter
578 471 963 534 sanabuntur.
1033 472 1247 555 Herba,
1297 492 1447 554 quae
1484 473 1824 537 Britannice
1862 477 2099 558 dicitur,
2147 476 2281 538 cibo
2319 488 2389 538 26

251 561 345 623 vel
380 563 551 641 potui
588 569 824 642 sumpta
860 564 1017 624 intra
1055 562 1215 623 diem
1252 570 1488 625 sextum
1520 563 1720 643 leprae
1747 564 2080 627 molestiam
2112 565 2280 628 tollit.

248 649 505 730 Lapathi
542 653 794 729 agrestis
832 651 1064 712 radices
1092 651 1335 713 surculo
1364 670 1508 714 erue
1539 670 1757 733 easque
1788 656 1916 715 sine
1945 655 2105 716 ferro
2141 673 2279 716 con·
2318 665 2387 715 27

189 760 222 802 s
249 739 438 801 tunde
495 739 844 819 adiectoque
900 742 1024 801 acri
1071 748 1237 802 aceto
1285 739 1496 821 subige
1543 748 1605 802 et
1648 760 1861 820 parum
1909 742 2047 804 salis
2094 746 2278 806 misce

246 834 430 907 atque
487 846 560 888 ex
616 846 686 890 eo
744 846 1001 893 omnem-
1033 832 1303 910 corporis
1350 832 1730 909 asperitatem
1776 832 1838 890 in
1886 830 2094 893 balneo
2141 850 2280 895 cum

247 916 470 978 sudore
517 917 801 1000 confrica,
845 919 965 979 cito
1003 926 1186 980 sanat.
1257 916 1475 981 Gluten
1513 918 1829 981 vitulinum
1867 928 2035 981 aceto
2074 924 2281 983 remis·
2318 930 2386 979 28

243 1023 382 1066 sum
439 1005 697 1067 admixta
750 1006 979 1068 modica
1035 1005 1194 1069 calce
1250 1009 1406 1089 viva,
1459 1016 1529 1069 ut
1583 1009 2042 1071 crassitudinem
2088 1009 2279 1071 mellis

242 1093 481 1176 habeat,
523 1093 741 1156 inlines
784 1094 935 1156 locis
980 1094 1232 1175 leprosis
1280 1104 1459 1175 atque
1500 1096 1621 1159 illic
1658 1098 1875 1159 siccari
1911 1098 2280 1160 medicamen

156 1206 215 1247 ιο
246 1185 589 1265 permittes,
645 1183 969 1245 efficaciter
1013 1185 1299 1264 proderit.
1389 1184 1597 1265 Vulpis
1644 1194 1878 1248 stercus
1926 1205 2064 1249 cum
2110 1196 2277 1250 aceto
2318 1196 2385 1245 29

244 1280 376 1333 tere
434 1280 494 1333 et
548 1290 855 1352 perungue
910 1271 1162 1355 lepram,
1220 1276 1340 1335 cito
1388 1273 1733 1357 subvenies3
1792 1294 2030 1338 omnem
2076 1285 2277 1338 autem

245 1360 474 1439 lepram
518 1360 726 1423 inlitus
770 1362 1042 1423 hircinus
1087 1365 1330 1442 sanguis
1377 1364 1668 1426 emendat.

422 1450 512 1511 Ad
550 1449 958 1512 exanthemata
1005 1453 1265 1513 curanda
1308 1453 1403 1512 ovi
1450 1453 1607 1514 cocti
1653 1452 1889 1514 vitellus
1927 1470 2064 1514 cum
2101 1452 2274 1515 melle
2315 1461 2384 1512 30

248 1546 311 1599 et
344 1538 649 1618 psimithio
679 1541 858 1601 tritus
886 1542 1220 1601 rectissime
1250 1539 1585 1601 adhibetur.
1651 1539 1968 1601 Pelliculae
1999 1544 2275 1621 caprinae
2314 1551 2379 1600 31

157 1649 220 1690 15
247 1636 514 1689 ramenta
562 1646 699 1689 cum
741 1630 977 1708 pumice
1013 1631 1156 1691 trita
1193 1637 1481 1708 acetoque
1517 1630 1810 1707 permixta
1847 1628 2276 1692 exanthematis

243 1725 517 1796 prosunt.
598 1715 771 1777 Lotio
816 1716 1077 1778 humano
1129 1719 1183 1778 si
1227 1719 1457 1779 nitrum
1502 1717 1892 1778 admiscueris
1940 1735 2129 1797 eoque
2178 1736 2274 1779 ex·
2315 1727 2381 1776 32

245 1805 585 1866 anthemata
630 1805 978 1885 frequenter
1023 1805 1262 1886 elucris,
1309 1808 1731 1887 reprimentur.
1801 1804 2101 1885 Oesypum
2138 1826 2275 1868 cum
2314 1815 2383 1865 33

243 1892 420 1954 melle
458 1893 778 1955 Corsicano
816 1896 1027 1956 tritum
1064 1903 1125 1956 et
1162 1895 1500 1976 adpositum
1538 1892 1735 1955 abolet
1770 1894 1843 1955 de
1881 1894 2030 1955 facie
2069 1912 2276 1956 omnes

245 1981 526 2064 maculas,
567 1983 808 2062 quidam
845 1992 906 2044 et
943 1983 1224 2064 butyrum
1262 1984 1517 2065 addunt3
1555 1984 1607 2044 si
1636 2001 1777 2045 vero
1808 1990 1868 2044 et
1904 1982 2072 2044 vituli
2100 1983 2276 2045 fimus

151 2094 217 2133 so
245 2079 307 2132 et
352 2070 433 2131 fel
479 2074 759 2133 caninum
805 2075 1154 2154 misceatur,
1209 2073 1577 2135 medicamen
1636 2071 1842 2134 utilius
1888 2073 2030 2153 erit,
2080 2074 2162 2133 ita
2209 2081 2276 2134 ut

241 2161 472 2240 pariter
516 2168 845 2241 temperata
891 2164 1086 2222 omnia
1133 2162 1561 2242 decoquantur.
1627 2160 1975 2224 Coclearum
2021 2162 2275 2223 minuta-
2312 2168 2384 2221 34

243 2267 382 2310 rum
429 2267 580 2328 quae
625 2252 848 2330 passim
893 2252 1279 2312 inveniuntur
1325 2258 1670 2312 exustarum
1720 2252 1871 2312 cinis
1918 2268 2054 2311 cum
2100 2248 2273 2312 melle

240 2340 578 2417 permixtus
632 2338 789 2399 tollit
843 2357 915 2399 ex
971 2339 1120 2400 facie
1176 2341 1320 2400 vitia
1375 2341 1596 2419 omnia,
1656 2338 1974 2419 lentigines
2035 2357 2273 2419 qnoque

243 2432 307 2486 et
350 2425 566 2488 livores
612 2426 823 2488 abolet.

151 2535 213 2578 25
426 2515 714 2595 Stigmata
769 2515 1043 2577 delentur
1098 2514 1437 2576 columbino
1492 2516 1630 2577 fimo
1676 2517 1819 2576 trito
1874 2523 1936 2577 et
1982 2533 2054 2576 ex
2102 2526 2270 2577 aceto
2311 2521 2380 2572 35

240 2605 523 2686 inposito,
548 2606 631 2665 ita
660 2611 727 2666 ut
755 2604 1000 2665 adsidue
1032 2603 1397 2664 medicamen
1428 2603 1881 2684 superducatur.
1938 2602 2021 2664 De
2052 2605 2270 2666 tinctu·
2309 2611 2380 2661 36

240 2694 330 2753 ris
378 2692 468 2753 vel
512 2693 761 2754 maculis
808 2695 1078 2773 corporis
1124 2691 1430 2754 abolendis
1485 2692 1816 2753 remedium
1873 2695 1979 2754 sic:
2053 2692 2273 2754 Oculos

243 2780 338 2841 vel
375 2799 481 2842 ova
519 2785 752 2862 saepiae
788 2785 852 2843 in
891 2800 1041 2861 aqua
1080 2780 1239 2843 solve
1277 2790 1339 2842 et
1374 2799 1513 2842 cum
1550 2780 1723 2842 melle
1757 2783 2052 2861 permisce
2092 2789 2269 2860 atque

241 2870 383 2931 inde
449 2870 709 2932 maculas
771 2871 1058 2953 perfrica,
1121 2872 1240 2932 cito
1306 2868 1718 2932 abolebuntur.
1823 2868 1940 2930 Lac
2005 2867 2273 2931 mulieris
2311 2876 2379 2929 37

151 2981 212 3022 so
240 2957 501 3038 puellam
554 2962 875 3021 nutrientis
930 2977 1068 3020 cum
1123 2958 1298 3019 melle
1353 2966 1415 3019 et
1470 2957 1601 3019 oleo
1657 2959 2019 3039 permixtum
2065 2975 2272 3019 omnes

242 3050 421 3109 etiam
460 3050 765 3110 ustionum
801 3047 1062 3111 maculas
1099 3046 1270 3108 tollit.
1330 3046 1395 3107 Si
1433 3049 1656 3108 nitrum
1694 3065 1830 3109 cum
1859 3045 1989 3107 oleo
2017 3048 2272 3109 misceas
2309 3053 2379 3104 38

240 3136 317 3198 ad
367 3137 815 3217 spissitudinem
863 3135 1053 3198 mellis
1099 3143 1275 3215 atque
1322 3135 1461 3196 inde
1508 3135 1768 3197 maculas
1810 3135 2075 3216 inducaS,
2122 3138 2271 3196 mire

240 3220 659 3307 detergentur3
715 3229 1001 3305 sanguine
1058 3243 1297 3304 quoque
1352 3226 1596 3305 caprino
1651 3224 1916 3286 maculae
1965 3231 2270 3285 contactae

242 3313 588 3376 abluuntur.
681 3314 747 3375 Si
790 3323 989 3376 autem
1034 3315 1294 3395 nesciaS,
1341 3313 1499 3375 unde
1547 3315 1625 3374 sit
1670 3312 1924 3392 macula,
1972 3330 2043 3372 ex
2091 3328 2270 3390 cepae
2308 3317 2377 3368 39

156 3423 214 3465 ⁸5
243 3421 391 3465 suco
449 3402 647 3464 locum
701 3402 1051 3483 perfricabis
1107 3410 1168 3463 et
1222 3402 1385 3464 dulci
1438 3420 1590 3481 aqua
1642 3402 1809 3463 elues
1855 3418 2272 3480 sesamumque

243 3490 802 3565 commanducatum
831 3492 1264 3571 superinpones
1293 3490 1386 3551 vel
1414 3489 1663 3551 bulbum
1690 3488 2033 3549 Africanum
2062 3490 2272 3549 tritum

241 3598 384 3642 cum
431 3587 598 3641 aceto
643 3583 910 3660 inpones.
