2575 4092
215 599 282 649 62

215 866 282 915 63

215 954 284 1003 64

215 1132 282 1181 65

216 1398 283 1447 66

216 1931 282 1980 67

215 2109 283 2158 68

217 2377 283 2427 69

218 2732 283 2782 70

220 3001 284 3049 71

1099 280 1177 293 —
1272 246 1582 312 262-

323 427 473 489 quae
520 408 744 469 Graece
791 407 1172 488 sisymbrium
1212 409 1450 490 dicitur,
1494 411 1672 470 tritae
1712 427 1893 470 sucus
1932 426 2253 488 expressus
2296 418 2358 471 et

322 515 466 559 sano
513 516 587 558 ex
630 500 795 579 vino,
850 497 1215 559 febricitanti
1261 517 1334 559 ex
1381 516 1533 578 aqua
1577 501 1746 577 potui
1792 499 1965 559 datus
2011 500 2231 560 mirum
2281 499 2357 560 ad

321 589 584 648 vessicae
631 587 869 648 dolores
914 587 1245 650 remedium
1295 594 1402 648 est.
1475 587 1826 649 Feniculum
1874 605 2012 648 cum
2049 587 2359 650 radicibus

321 678 446 736 suis
493 676 807 737 decoctum
855 684 916 737 et
959 677 1130 756 potui
1176 684 1483 756 sumptum
1526 677 1850 738 efficaciter
1885 678 2147 737 vessicae
2192 677 2358 738 dolo·

321 763 490 826 ribus
535 765 799 845 prodest.
2384 786 2411 826 5

499 854 911 935 Glycyrrhizae
942 855 1462 916 commanducatae
1494 873 1676 916 sucus
1704 854 2021 915 devoratus
2040 854 2133 915 vel
2162 863 2359 917 trans-

322 944 543 1004 missus
572 946 806 1005 urinam
839 944 1162 1004 efficaciter
1188 952 1488 1023 provocat.
1545 943 1858 1004 Trifolium
1887 945 2188 1005 minutum
2220 964 2362 1006 cum

323 1034 529 1112 pipere
591 1033 651 1094 e‘t
705 1033 904 1112 puleio
963 1040 1251 1112 quantum
1308 1035 1453 1093 satis
1507 1032 1807 1094 videbitur
1853 1034 2062 1093 tritum
2109 1040 2170 1093 et
2217 1053 2360 1095 cum

323 1122 456 1181 vino
494 1124 664 1200 potui
699 1122 901 1183 datum
939 1123 1227 1183 vessicam
1267 1140 1563 1202 renesque
1600 1121 1894 1201 purgabit.
1954 1120 2188 1183 Herbae
2225 1142 2360 1184 ver·

320 1209 509 1271 benae
565 1212 857 1271 contritae
915 1228 1096 1271 sucus
1144 1229 1465 1290 expressus
1512 1211 1760 1272 adiectis
1806 1213 1928 1271 vini
1974 1211 2203 1291 cyathis
2250 1215 2360 1273 tri-
2387 1229 2436 1268 10

321 1296 434 1359 bus
488 1301 658 1378 potui
690 1298 884 1360 -datus
929 1298 1359 1361 admirabiliter
1406 1303 1690 1361 continuo
1737 1301 1946 1360 urinae
1994 1300 2360 1362 difficultati·

322 1386 436 1448 bus
472 1387 759 1467 proderit.
826 1387 1040 1471 Herba,
1081 1407 1231 1467 quae
1269 1407 1513 1469 gramen
1553 1389 1775 1450 dicitur
1801 1388 2095 1449 nodorum
2124 1389 2361 1471 XXVII,

321 1494 393 1537 ex
449 1478 587 1537 vino
653 1477 724 1538 ad
780 1477 1005 1539 medias
1061 1477 1307 1539 decocta
1362 1486 1423 1540 et
1470 1495 1749 1558 expressa
1794 1485 1971 1556 atque
2019 1479 2208 1540 colata
2254 1499 2359 1557 po-

321 1568 528 1646 tuique
577 1569 985 1646 strangurioso
1042 1585 1114 1627 ex
1160 1569 1283 1627 vini
1338 1566 1548 1647 cyatho
1604 1585 1725 1627 uno
1785 1569 1967 1627 mixta
2019 1568 2153 1629 data
2210 1568 2357 1630 adeo

319 1663 596 1734 potenter
661 1658 987 1739 succurrit,
1044 1663 1112 1716 ut
1167 1655 1271 1716 ubi
1328 1658 1457 1716 sine
1512 1663 1811 1716 tormento
1866 1657 2102 1716 urinam
2157 1657 2357 1718 facere
2387 1672 2435 1714 15

321 1746 612 1825 coeperit,
670 1744 800 1805 dari
843 1764 965 1806 non
1011 1753 1303 1825 oporteat,
1350 1744 1456 1805 sed
1503 1744 1866 1806 febricitanti
1912 1764 1984 1805 ex
2031 1763 2183 1826 aqua
2231 1746 2360 1807 sola

323 1831 575 1894 dabitur.

502 1922 566 1982 Si
613 1924 749 2003 quis
794 1924 937 1984 vitio
984 1924 1248 1984 vessicae
1295 1930 1399 1983 aut
1436 1923 1758 2001 strangurii
1806 1921 2080 1983 laborans
2127 1922 2357 2001 lignum

322 2013 671 2072 tamaricum
727 2011 943 2073 ardens
1004 2011 1147 2074 lotio
1195 2030 1304 2072 suo
1344 2013 1689 2091 extinxerit,
1747 2011 1981 2073 desinet
2026 2011 2181 2072 ultra
2221 2031 2356 2074 cru-

323 2103 484 2161 ciari.
549 2100 833 2180 Cupressi
879 2101 1018 2161 folia
1062 2110 1268 2162 tenera
1309 2119 1382 2161 ex
1419 2118 1608 2180 aquae
1645 2102 1922 2160 sextariis
1959 2107 2244 2179 quattuor
2282 2102 2355 2163 ad
2383 2116 2434 2156 20

322 2191 645 2249 sextarium
689 2189 934 2249 decocta
972 2197 1033 2249 et
1069 2207 1353 2269 expressa
1391 2197 1568 2268 atque
1608 2188 1796 2250 colata
1834 2207 1971 2249 cum
2010 2191 2145 2250 vino
2184 2194 2357 2269 potui

322 2277 455 2337 data
503 2280 840 2356 stranguria
888 2276 1167 2338 celeriter
1214 2278 1548 2339 emendant.

499 2365 767 2426 Hederae
813 2367 1017 2444 nigrae
1064 2365 1241 2427 bacas
1287 2365 1335 2424 V
1383 2375 1485 2429 aut
1530 2366 1605 2427 VI
1656 2374 1759 2428 aut
1811 2367 2116 2448 undecim,
2171 2376 2359 2447 prout

322 2463 484 2515 aetas
539 2458 704 2534 aegri
757 2457 1036 2535 viresque
1089 2457 1424 2538 patientur,
1482 2458 1767 2516 contritas
1824 2474 1897 2516 ex
1952 2474 2104 2536 aqua
2163 2456 2357 2517 mulsa

323 2552 588 2624 sumptas
629 2546 781 2606 mim
817 2545 1104 2623 prodesse
1142 2545 1523 2606 manifestum
1567 2552 1676 2624 est,
1724 2547 1901 2606 etiam
1941 2546 1994 2605 si
2031 2547 2358 2624 sanguinu-
2383 2561 2433 2602 25

323 2632 543 2694 lentam
588 2636 824 2695 urinam
874 2636 1320 2713 stranguriosus
1365 2636 1568 2714 faciet3
1627 2652 1700 2694 ex
1746 2652 1898 2714 aqua
1945 2635 2358 2696 tantummodo

323 2721 509 2783 calida
557 2740 657 2783 eas
701 2731 909 2803 potare
955 2722 1211 2785 debebit.
1276 2725 1417 2783 Avis
1456 2722 1778 2802 ossifragae
1816 2722 2185 2784 ventriculus
2222 2723 2359 2785 sali·

323 2822 440 2894 tus,
486 2821 556 2872 ut
603 2815 827 2874 servari
863 2815 1070 2893 possit,
1118 2824 1221 2873 aut
1257 2819 1508 2873 exustus
1548 2820 1608 2872 et
1644 2814 1708 2872 in
1739 2811 2045 2891 pulverem
2074 2812 2359 2874 redactus

326 2920 463 2965 cum
509 2903 631 2962 vini
677 2904 918 2981 potione
966 2902 1139 2963 datus
1188 2903 1421 2962 urinam
1471 2902 1794 2961 efficaciter
1839 2908 2139 2980 provocat.

503 2989 679 3050 Mulis
733 2993 1092 3070 inpetigines
1148 2993 1211 3051 in
1257 2997 1515 3070 utroque
1563 3008 1740 3051 crure
1788 3008 1970 3069 super
2016 2999 2209 3068 genua
2256 3009 2357 3051 na·
2383 3007 2433 3048 so

326 3087 579 3140 scuntur
617 3088 677 3140 et
714 3080 895 3141 veluti
933 3082 1089 3141 cutis
1128 3079 1328 3140 aridae
1367 3079 1541 3140 modo
1578 3078 1917 3160 inhaerent3
1959 3078 2065 3139 has
2103 3079 2358 3140 incende

324 3175 385 3229 et
441 3170 915 3247 stranguriosum
960 3169 1361 3230 'divaricatum
1419 3168 1679 3248 desuper
1732 3186 1916 3247 pone,
1971 3169 2053 3228 ita
2109 3176 2181 3229 ut
2234 3170 2358 3230 suf-

323 3257 773 3337 fumigationem
828 3257 989 3320 illam
1037 3260 1314 3338 expansis
1362 3256 1630 3318 vestibus
1678 3265 1865 3339 tegat,
1923 3274 1998 3318 ne
2046 3274 2163 3336 qua
2210 3257 2359 3318 odor

506 3418 535 3465 1
577 3411 946 3468 sesimbrium.
1093 3419 1124 3468 6
1163 3409 1462 3480 glicerizae
1501 3410 2018 3467 cummanducatae.
2157 3415 2189 3465 9
2228 3429 2358 3481 pur-

325 3479 572 3551 gabitur.
793 3489 860 3538 14
904 3482 1298 3554 strangulioso.
1518 3486 1585 3536 18
1634 3483 1985 3552 stranguriae
2034 3480 2358 3538 Carnarius.

329 3557 394 3605 19
435 3553 781 3609 extincxerit.
999 3560 1066 3609 22
1117 3552 1498 3623 stranguriam
1538 3551 1859 3609 Oormriw.
2077 3554 2360 3609 emendat.

326 3627 394 3675 25
435 3623 629 3695 etiam]
666 3642 815 3680 nam.
962 3631 1029 3680 26
1069 3624 1163 3695 ex]
1201 3627 1274 3679 et.
1421 3630 1488 3678 27
1528 3623 1766 3680 sallitus.
1914 3630 1983 3680 30
2018 3623 2201 3679 ienua.
