2575 4092
1114 270 1189 280 —
1290 233 1597 299 108-

335 414 521 457 unum
565 397 859 474 permixta
905 414 1015 474 per
1051 396 1318 457 sucidam
1357 396 1547 456 lanam
1587 396 1730 455 inici
1766 394 2013 456 naribus
2049 394 2369 472 oportebit.

335 484 503 546 Facit
556 491 752 545 autem
802 487 975 545 etiam
1034 485 1106 545 ad
1153 503 1389 546 omnem
1437 504 1511 546 ex
1557 483 1820 563 qualibet
1876 492 2042 562 parte
2098 486 2369 562 corporis

268 589 300 637 8
339 573 430 633 vel
487 591 559 634 ex
614 573 879 652 quolibet
934 572 1178 634 vulnere
1236 575 1544 653 sanguinis
1591 575 1985 652 eruptionem.
2076 571 2369 642 Quoniam

336 662 636 724 interdum
691 665 800 745 ita,
854 670 921 723 ut
977 662 1261 744 diximus,
1320 665 1519 724 minus
1566 664 1759 723 curati
1804 664 1966 722 naris
2014 664 2153 722 vitio
2200 680 2369 740 prae-

338 753 521 814 focari
577 751 879 831 videntur,
934 753 1187 812 maxime
1244 769 1382 812 cum
1438 759 1716 831 opturato
1772 758 2028 829 utroque
2078 751 2368 810 foramine
2395 764 2423 806 5

337 842 570 901 narium
627 839 892 920 spir-andi
946 839 1194 901 facultas
1242 842 1525 921 eripitur,
1580 857 1701 900 non
1748 839 2006 900 alienum
2055 848 2147 899 est
2192 841 2370 919 scire,

338 948 452 1009 qua
504 930 733 990 ratione
781 937 1105 1008 utrumque
1152 931 1446 1009 praestari
1492 930 1708 1009 possit,
1765 936 1831 989 ut
1878 946 2074 1007 neque
2122 931 2370 1007 spiratio

336 1019 678 1098 inpediatur
724 1037 835 1079 nec
882 1017 1213 1078 remedium
1261 1018 1767 1098 efficacissimum,
1812 1036 1922 1097 per
1969 1017 2126 1096 quod
2175 1019 2371 1095 opitu-

337 1107 477 1168 latio
524 1106 769 1168 naribus
817 1106 1094 1185 efficitur,
1140 1105 1508 1168 excludatur.
1581 1106 1895 1185 Oportebit
1941 1123 2083 1185 ergo
2131 1124 2371 1167 sumere

338 1198 580 1275 pinnam
627 1196 856 1256 anseris
903 1213 1079 1274 quam
1125 1197 1437 1257 maximam
1488 1195 1578 1259 vel
1619 1195 1828 1255 calami
1864 1196 2167 1272 scriptorii
2205 1196 2370 1255 fistu·
2401 1210 2459 1250 ιο

339 1285 453 1345 lam
500 1283 732 1345 modice
769 1283 1117 1366 pleniorem,
1164 1284 1378 1345 deinde
1417 1292 1622 1363 aptare
1659 1284 1731 1344 ad
1771 1283 2201 1363 longitudinem
2242 1286 2375 1344 nasi

340 1382 516 1452 atque
572 1374 653 1433 ita
709 1372 1079 1451 praecidere,
1136 1382 1202 1433 ut
1266 1392 1338 1433 ex
1394 1382 1649 1451 utraque
1703 1380 1872 1451 parte
1928 1372 2226 1451 perforata
2274 1373 2375 1453 sit,

340 1471 518 1541 atque
574 1461 873 1522 involvere
930 1479 1058 1521 eam
1114 1460 1356 1522 fasciola
1403 1464 1572 1522 tenui
1618 1461 1798 1522 lintea
1846 1463 2015 1541 quasi
2061 1463 2262 1521 instita
2312 1469 2376 1521 et
2428 1488 2435 1494 ·

340 1550 579 1629 explere
618 1553 936 1611 circuitum
976 1552 1122 1630 eiuS,
1160 1549 1352 1611 donec
1389 1550 1662 1611 videatur
1698 1552 1760 1611 in
1789 1568 1992 1611 narem
2022 1568 2159 1610 cum
2192 1568 2374 1610 cunc-

341 1642 563 1701 tatione
611 1640 863 1718 quadam
910 1640 1097 1717 recipi
1143 1657 1320 1718 posse
1366 1648 1545 1717 atque
1591 1641 1672 1699 ita
1710 1645 1778 1699 ut
1814 1647 1907 1699 est
1944 1638 2372 1699 circumvoluta
2405 1654 2460 1694 15

339 1731 675 1807 inmergere
731 1747 860 1789 eam
908 1746 1050 1789 naso
1097 1736 1265 1789 aceto
1313 1729 1439 1788 acri
1482 1727 1763 1788 infectam
1818 1738 1879 1788 et
1932 1746 2042 1806 per
2088 1746 2217 1788 eam
2262 1730 2375 1787 ini·

342 1836 478 1878 cere
542 1817 843 1879 interdum
909 1827 1143 1878 acetum
1207 1834 1344 1877 acre
1409 1816 1500 1876 vel
1567 1835 1777 1877 sucum
1839 1834 2021 1894 supra
2076 1816 2375 1877 dictorum

340 1906 925 1967 medicamentorum.
999 1904 1123 1966 Hoc
1166 1915 1364 1966 autem
1404 1905 1668 1966 remedio
1704 1908 1893 1984 magis
1930 1907 2022 1966 uti
2056 1904 2377 1984 oportebit,

270 2006 302 2056 9
342 2014 481 2057 cum
526 2014 635 2075 per
681 2003 964 2073 utrasque
1013 2012 1187 2055 nares
1232 1994 1474 2054 fluxerit
1517 1996 1822 2073 sanguinis
1861 1993 2234 2055 abundantia.
2311 1994 2378 2054 Si

343 2084 578 2164 quando
635 2083 941 2144 ulcuscula
988 2085 1049 2144 in
1093 2083 1341 2144 naribus
1387 2083 1638 2162 fuerint,
1695 2083 2064 2143 sanabuntur
2110 2082 2375 2143 fomento
2406 2098 2465 2137 πο

343 2191 530 2252 aquae
586 2190 772 2251 purae
827 2172 1047 2232 calidae
1102 2189 1213 2250 per
1267 2172 1477 2232 molles
1533 2172 1794 2250 sfongias
1857 2182 1918 2232 et
1981 2171 2377 2232 medicamen-

343 2269 542 2321 torum
588 2261 743 2321 infra
790 2262 1151 2339 scriptorum
1198 2263 1611 2340 perunctione,
1657 2260 1718 2321 id
1767 2267 1860 2321 est
1895 2279 2040 2322 suco
2078 2260 2152 2320 de
2189 2262 2379 2321 moris

344 2368 481 2411 cum
537 2351 674 2409 vino
728 2348 1022 2427 tepefacto
1068 2351 1393 2430 permixto,
1450 2351 1760 2428 conposito
1808 2349 1880 2409 ad
1927 2348 2379 2428 spissitudinem

240 2452 305 2501 10
345 2438 554 2499 mellis.
626 2438 815 2499 Rosae
855 2438 1052 2498 aridae
1090 2437 1182 2497 vel
1219 2441 1482 2499 recentis
1520 2437 1676 2499 foliis
1717 2440 1876 2499 tritis
1914 2456 1987 2497 ex
2026 2440 2159 2498 vino
2203 2437 2380 2498 melle

239 2540 304 2588 11
346 2528 577 2588 adiecto
624 2529 787 2588 infici
833 2546 1006 2587 nares
1049 2525 1196 2587 utile
1234 2535 1344 2587 est.
1418 2526 1574 2588 Uvae
1613 2529 1944 2588 inmaturae
1983 2544 2128 2587 suco
2166 2526 2380 2587 eodem
2410 2542 2471 2583 25

346 2616 521 2676 modo
560 2618 888 2695 conposito,
929 2634 1046 2695 quo
1085 2633 1296 2675 sucum
1335 2616 1408 2676 de
1436 2617 1623 2676 moris
1652 2618 1909 2695 conponi
1937 2615 2157 2676 debere
2195 2633 2381 2694 supra

241 2718 305 2766 12
345 2704 622 2785 diximus,
650 2722 825 2765 nares
854 2704 1110 2765 fluentes
1138 2702 1358 2781 repleri
1387 2705 1873 2782 percommodum
1904 2712 2011 2765 est.
2085 2703 2380 2764 Malorum

344 2794 707 2855 Punicorum
746 2792 1009 2854 dulcium
1047 2799 1225 2871 atque
1262 2793 1570 2854 acidorum
1609 2812 1754 2854 suco
1792 2794 1999 2854 eodem
2032 2793 2207 2853 modo
2236 2811 2378 2853 con-

241 2896 305 2944 13
345 2884 540 2962 posito
578 2900 753 2942 nares
792 2881 1098 2960 stipandae
1136 2888 1295 2941 sunt.
1367 2881 1591 2961 Myrtae
1629 2881 1794 2943 bacis
1823 2891 2000 2961 atque
2031 2879 2186 2941 foliis
2219 2884 2380 2942 tritis

345 2990 419 3032 ex
465 2974 600 3032 vino
646 2972 708 3032 in
747 2969 939 3031 mellis
976 2970 1422 3049 spissitudinem
1464 2972 1571 3052 uti,
1615 2979 1684 3031 ut
1722 2988 1899 3050 supra
1940 2971 2230 3050 scriptum
2267 2978 2381 3053 est,
2413 2987 2476 3027 so

242 3073 308 3121 14
347 3062 639 3120 convenit.
728 3059 811 3119 De
858 3057 1208 3138 terebinthi,
1255 3057 1518 3138 lentisci,
1566 3059 1703 3120 rubi
1750 3059 2067 3121 fruticibus
2114 3068 2173 3119 et
2220 3058 2382 3119 foliis

242 3162 307 3211 15
348 3167 492 3209 suco
539 3147 814 3209 similiter
860 3149 1168 3226 conposito
1214 3149 1306 3207 uti
1352 3146 1614 3208 debebis,
1691 3148 1922 3209 Sertula
1963 3148 2256 3226 Campana
2305 3167 2382 3209 ex

240 3252 305 3301 16
344 3256 520 3317 passo
561 3237 805 3297 decocta
843 3245 903 3297 et
931 3237 1125 3297 infusa
1154 3235 1401 3297 naribus
1430 3237 1692 3314 prodest.
1765 3235 1880 3296 Mel
1908 3255 2016 3316 per
2045 3255 2109 3296 se
2138 3244 2384 3297 coctum

346 3334 407 3388 et
446 3345 583 3388 cum
621 3325 769 3405 galla
801 3325 1039 3405 Syriaca
1067 3333 1318 3385 contusa
1345 3342 1414 3385 ac
1442 3327 1611 3386 tenui
1639 3325 1839 3385 cribro
1869 3327 2214 3386 transmissa
2245 3344 2384 3403 per-

242 3429 306 3477 17
345 3418 598 3477 mixtum
637 3423 814 3494 atque
852 3414 1117 3475 infusum
1153 3413 1399 3473 naribus
1433 3414 1691 3493 prodest.
1767 3414 2114 3474 Gravidines
2144 3416 2387 3476 narium
2418 3433 2479 3475 ⁸5

348 3504 743 3583 sedabuntur,
791 3522 940 3582 quae
989 3521 1060 3563 ex
1109 3502 1231 3562 sole
1278 3511 1379 3563 aut
1425 3502 1809 3581 perfrictione
1852 3510 2233 3584 generantur,
2282 3503 2387 3564 ab·

348 3596 626 3654 stinentia
666 3593 937 3654 ciborum
977 3591 1266 3653 salsorum
1308 3599 1367 3651 et
1394 3593 1552 3652 inter
1580 3593 1748 3652 initia
1778 3594 1913 3652 vino
1943 3601 2190 3672 remoto,
2228 3611 2390 3672 aqua
