2575 4092
1136 179 1625 279 —132-

297 393 329 444 ’1
367 382 491 440 riae
529 378 685 459 facit,
723 377 1148 439 reservandum
1186 386 1386 439 autem
1422 384 1515 437 est
1549 375 1766 456 pyxide
1803 374 2011 438 buxea.
2072 378 2391 457 Arteriace,

368 486 485 548 qua
529 467 741 530 melior
787 485 906 527 non
953 475 1062 548 est,
1107 466 1371 528 refertur
1415 473 1615 527 autem
1662 466 1724 525 in
1771 463 2160 545 Asclepiaden
2207 466 2390 526 medi-

367 575 507 618 cum
554 558 869 637 optimum,
917 557 1060 617 facit
1104 556 1177 617 ad
1225 557 1422 616 omnia
1469 555 1746 634 superius
1793 553 1951 614 dicta
1997 562 2057 615 et
2102 554 2387 634 quidquid

365 648 428 706 in
467 647 703 706 arteriis
740 647 871 706 vitii
908 653 1001 706 est
1037 646 1361 706 efficaciter
1390 650 1578 722 curat,
1615 650 1849 703 constat
1885 662 1957 703 ex
1994 642 2116 704 his:
2162 643 2390 723 Myrrae

366 738 621 814 optimae
660 736 900 813 pinguis
947 733 999 794 X
1029 733 1264 814 XXIIII,
1311 731 1681 812 tragacanthi
1727 731 1963 793 candidi
2001 731 2053 792 X
2080 731 2388 812 XXXVIII,
2415 750 2440 792 5

365 822 766 902 glycyrrhizae
813 823 1031 884 radicis
1080 822 1132 883 X
1168 821 1378 902 XVIII,
1435 823 1669 882 resinae
1724 819 2162 882 terebinthinae
2222 840 2392 883 verae

370 911 422 972 X
459 910 715 974 XXXVI.
774 911 1248 991 Tragacanthum
1286 913 1443 972 sicut
1481 919 1573 971 est
1610 909 1895 971 contundi
1934 918 1995 971 et
2029 910 2393 989 percribrari

367 1002 536 1061 tenui
573 1000 863 1062 foramine
903 1008 1156 1082 oportet,
1195 999 1411 1061 deinde
1449 1016 1707 1079 myrram
1744 1000 1948 1059 tritam
1986 1017 2258 1060 seorsum
2295 1000 2390 1060 ad-

364 1090 609 1149 misceri
654 1096 714 1149 et
760 1107 973 1150 rursus
1021 1097 1275 1168 utraque
1323 1090 1386 1149 in
1434 1106 1620 1149 unum
1668 1087 1770 1148 diu
1816 1090 1934 1148 teri
1978 1097 2156 1167 atque
2202 1090 2283 1149 ita
2328 1091 2389 1149 in

363 1177 542 1257 pilam
601 1179 753 1237 coici
817 1185 877 1237 et
946 1175 1031 1237 ibi
1100 1194 1238 1239 cum
1303 1176 1714 1238 concaluerint
1778 1178 1973 1237 omnia
2048 1179 2173 1237 ictu
2237 1177 2390 1257 pilae
2419 1198 2464 1238 ιο
2546 1195 2547 1244 5

364 1265 631 1346 assiduo,
686 1264 1147 1327 terebinthinam
1214 1265 1497 1344 paulatim
1553 1267 1819 1345 misceri,
1884 1266 2071 1326 donec
2126 1268 2391 1327 omnium
2546 1249 2547 1284 ¹

364 1356 562 1414 unitas
618 1354 750 1436 fiat3
823 1363 1029 1434 postea
1094 1354 1521 1435 glycyrrhizam
1586 1361 1895 1415 contusam
1952 1363 2014 1415 et
2073 1353 2392 1416 cribratam

362 1444 765 1522 mortarioque
805 1443 989 1504 nihilo
1024 1447 1223 1505 minus
1263 1442 1581 1522 diligenter
1618 1445 1820 1503 tritam
1857 1445 2079 1503 sensim
2117 1443 2393 1523 adspergi

364 1534 659 1593 convenit.
732 1531 847 1593 Sed
888 1532 989 1593 ubi
1028 1533 1173 1593 haec
1211 1533 1364 1593 bene
1402 1534 1583 1593 mixta
1622 1532 1862 1613 fuerint,
1900 1531 2040 1592 dum
2081 1532 2235 1593 calet
2269 1552 2390 1594 me-

361 1620 780 1702 dicamentum,
817 1621 1021 1700 plures
1057 1621 1344 1682 accedant
1375 1630 1436 1682 et
1462 1619 1675 1699 pilulas
1703 1621 1923 1681 faciant
1947 1623 2135 1682 viciae
2167 1625 2390 1701 magni-
2419 1641 2467 1683 15

361 1709 587 1771 tudine.
654 1709 751 1770 Fit
790 1713 946 1771 enim
987 1713 1105 1771 cito
1144 1711 1463 1772 durissima
1500 1709 1646 1770 haec
1683 1711 1973 1770 arteriace
2010 1722 2072 1770 et
2106 1710 2221 1771 hoc
2258 1713 2389 1791 ipso

358 1799 669 1878 praecedit
705 1807 952 1880 ceteraS,
1001 1803 1137 1879 quia
1174 1800 1409 1878 linguae
1448 1798 1715 1860 subiecta
1753 1817 1874 1859 non
1913 1799 2082 1859 facile
2123 1799 2390 1882 solvitur,

360 1894 423 1947 et
467 1890 549 1948 ita
595 1887 821 1949 diutius
869 1888 1110 1949 exhibet
1156 1888 1520 1949 salubritatis
1567 1888 1862 1949 effectum.

288 1987 321 2037 8
538 1976 846 2037 Brassicae
884 1977 1103 2038 crudae
1145 1977 1350 2038 folium
1389 1977 1687 2038 levissime
1723 1980 1925 2059 terito,
1969 1995 2041 2037 ex
2075 1995 2146 2037 eo
2176 1995 2388 2038 sucum

290 2077 321 2125 9
362 2067 704 2146 exprimito,
762 2084 880 2146 quo
937 2084 1051 2125 uva
1106 2074 1378 2129 contacta
1427 2073 1704 2146 potenter
1749 2065 2108 2127 sublevatur.
2201 2065 2391 2128 Pruni
2416 2086 2465 2127 so

360 2152 498 2212 folia
546 2155 668 2213 sive
716 2156 889 2214 sativi
935 2172 1040 2215 seu
1090 2154 1382 2216 silvestris
1439 2173 1512 2215 ex
1559 2156 1694 2215 vino
1742 2154 1987 2215 decocta
2043 2162 2104 2215 et
2150 2157 2391 2233 saepius

254 2253 323 2302 10
360 2241 710 2320 gargalizata
758 2260 931 2303 uvam
968 2242 1202 2303 resilire
1241 2242 1623 2323 compellunt.
1699 2242 1894 2304 Gallae
1931 2246 2106 2304 tritae
2142 2243 2392 2324 pulvere

358 2349 472 2390 uva
519 2337 789 2391 contacta
836 2331 1044 2392 eodem
1092 2331 1187 2392 die
1233 2332 1455 2414 resilit,
1512 2334 1564 2392 si
1608 2339 1703 2392 ter
1749 2334 1807 2393 ei
1851 2334 2182 2396 interiectis
2224 2332 2392 2393 horis

256 2430 319 2479 11
358 2419 728 2480 medicamen
784 2420 968 2480 fuerit
1025 2420 1378 2499 adpositum.
1473 2419 1695 2500 Capitis
1743 2423 1960 2481 summi
2005 2423 2290 2482 verticem
2339 2424 2394 2482 si

358 2509 493 2585 quis
544 2526 715 2569 uvam
765 2508 1058 2569 laboranti
1108 2509 1379 2570 mordeat
1423 2512 1684 2591 inopino,
1731 2512 1894 2569 omni
1931 2527 2067 2570 eum
2114 2509 2391 2571 molestia
2417 2529 2468 2570 25

255 2607 319 2656 12
359 2595 649 2657 liberabit.
718 2597 786 2657 In
824 2600 1122 2677 principio
1161 2598 1385 2659 doloris
1421 2617 1533 2659 uva
1573 2597 1725 2659 bene
1755 2597 2116 2680 sublevatur,
2154 2601 2207 2659 si
2235 2618 2391 2678 aqua

256 2696 320 2745 13
359 2684 570 2763 frigida
613 2685 703 2746 vel
739 2704 920 2765 posca
958 2687 1203 2748 adsidue
1240 2687 1648 2766 gargalizetur.
1712 2686 1950 2748 Lotium
1984 2695 2153 2748 vetus
2181 2687 2390 2749 huma-

358 2791 503 2834 num
550 2774 781 2835 adiecto
830 2793 1005 2836 croco
1053 2775 1125 2836 ab
1172 2778 1364 2837 inscio
1411 2794 1486 2836 ne
1533 2776 1794 2836 fastidiat
1839 2786 2080 2856 epotum
2127 2776 2218 2836 vel
2256 2796 2391 2855 gar-

357 2861 667 2940 galizatum
725 2866 944 2925 mirum
1001 2867 1064 2924 in
1118 2864 1360 2926 modum
1418 2883 1592 2925 uvam
1638 2867 1913 2944 reprimit
1966 2872 2027 2925 et
2072 2869 2392 2927 consumit.

252 2963 320 3012 14
360 2950 523 3011 Cinis
579 2960 866 3013 testarum
925 2962 1196 3015 ustarum
1251 2973 1324 3015 ex
1371 2958 1586 3014 ostreis
1633 2972 1770 3014 cum
1820 2953 1991 3014 melle
2037 2956 2393 3015 tenuissime
2420 2974 2474 3014 ao

255 3049 321 3101 15
362 3042 657 3101 contritus
706 3060 872 3126 uvae)
895 3041 1102 3103 inlitus
1148 3042 1412 3121 prodest.
1486 3042 1642 3103 Rubi
1689 3041 1926 3104 coliculi
1963 3044 2160 3104 teneri
2197 3043 2395 3104 disco-

358 3137 627 3208 quuntur
674 3148 746 3189 ex
792 3132 925 3191 vino
969 3132 1149 3211 idque
1189 3134 1390 3192 vinum
1428 3131 1835 3213 gargalizatur,
1872 3131 2032 3211 quod
2070 3132 2395 3193 confestim

504 3306 531 3354 1
571 3302 992 3373 reservandum]
1042 3302 1376 3357 servandum
1416 3301 1736 3358 Cornan’us.
1881 3308 1916 3357 4
1952 3302 2201 3375 arteriis]
2241 3305 2396 3358 arte-

356 3370 442 3424 ria.
473 3370 791 3427 Carnarius,
900 3374 1069 3428 vitiis.
1180 3380 1211 3427 6
1247 3374 1599 3443 clycyriizae.
1709 3379 1741 3428 8
1783 3374 2010 3443 oportit.
2122 3380 2190 3428 10
2218 3375 2397 3431 iectu.

361 3446 426 3495 11
466 3442 891 3499 terebentinam.
1067 3450 1131 3499 12
1170 3444 1544 3514 glicaerizam.
1712 3450 1778 3500 15
1815 3445 2006 3501 vitiae.
2174 3451 2242 3501 16
2282 3448 2398 3501 hoc

356 3528 458 3569 om.
606 3519 673 3569 17
709 3513 839 3570 fale.
967 3521 1035 3569 20
1073 3515 1402 3585 exprimetO.
1530 3522 1596 3571 22
1635 3515 1878 3573 resilere.
1997 3521 2067 3571 25
2104 3515 2396 3574 liberauit.

357 3588 427 3637 27
464 3584 794 3657 humanum]
833 3585 1137 3642 hominum.
