2575 4092
897 241 1480 316 ‚—185-

400 402 660 482 Spongia
707 420 855 463 nova
901 421 1037 464 cum
1085 421 1235 482 aqua
1284 403 1438 464 salsa
1483 403 1669 465 calida
1713 405 1951 484 saepius
1988 405 2246 484 inposita
2287 415 2356 467 47

224 491 668 570 suggillationes
724 490 1061 571 livoresque
1116 491 1390 571 detergit.
1468 491 1673 553 Fimus
1728 492 1939 554 suillus
1988 494 2048 554 in
2096 500 2249 555 testa
2285 503 2355 554 48

225 581 519 642 arefactus
557 589 618 642 et
653 582 834 641 tritus
872 588 933 641 et
969 599 1105 642 cum
1136 580 1265 641 oleo
1295 582 1613 660 impositus
1642 583 1790 642 mire
1819 589 1988 642 sanat
2015 580 2249 643 livores.

223 668 438 750 Apium
483 669 671 730 viride
722 668 1020 730 subtiliter
1064 671 1273 731 tritum
1323 688 1462 730 cum
1507 670 1602 729 ovi
1648 668 1779 730 albo
1825 668 2062 732 inlitum
2108 669 2248 733 livo·
2285 680 2354 730 49

173 776 198 815 5
223 758 392 819 ribus
430 758 692 838 prodest.
756 755 940 819 Malva
978 761 1235 820 erratica.
1271 760 1413 819 trita
1452 765 1512 819 et
1550 756 1736 819 calida
1774 776 1969 838 panno
2006 759 2248 822 inducta
2285 769 2355 819 50

223 856 281 908 et
327 847 459 908 oleo
504 856 795 926 peruncta
853 854 913 908 et
968 849 1054 908 sic
1110 847 1379 926 adposita
1431 846 1778 908 recentibus
1825 847 2249 927 suggillationi-

222 935 337 997 bus
376 954 443 997 ac
481 935 819 997 tumoribus
857 943 917 997 et
954 936 1364 997 vexationibus
1402 954 1724 998 nervorum
1762 934 1930 997 valde
1960 936 2248 999 medetur.

399 1024 487 1085 Ad
536 1025 808 1104 pustulas
853 1024 1170 1104 papulasve
1227 1025 1301 1086 de
1347 1026 1497 1087 facie
1544 1024 1837 1086 tollendas
1882 1025 2249 1087 medicamen
2287 1033 2355 1083 61

222 1132 528 1193 conpones
576 1116 690 1176 sic:
755 1112 1046 1193 Sagapeni
1089 1146 1179 1157 —
1216 1112 1296 1195 11,
1350 1113 1549 1176 scobis
1596 1113 1858 1176 eburnae
1903 1112 2252 1177 delicatissi-

143 1219 195 1260 ιο
220 1221 355 1263 mae
405 1236 482 1245 —
525 1200 708 1284 VIIII,
754 1220 986 1282 myrrae
1037 1236 1114 1246 —
1157 1202 1210 1264 11
1250 1202 1319 1285 S,
1365 1202 1696 1283 aphronitri
1741 1237 1827 1248 —
1864 1200 1918 1263 11
1958 1202 2016 1283 S,
2062 1211 2251 1284 traga-

220 1291 427 1353 canthi
477 1323 552 1334 —-
594 1290 697 1373 VI3
752 1298 927 1352 tunsa
977 1292 1124 1353 haec
1171 1299 1232 1353 et
1278 1292 1537 1354 cribrata
1584 1310 1720 1354 cum
1767 1292 1940 1354 melle
1985 1291 2253 1372 liquidis-

220 1383 375 1442 simo
414 1388 476 1440 et
512 1379 934 1441 candidissimo
963 1388 1263 1457 teruntur,
1300 1384 1381 1442 ita
1415 1388 1483 1442 ut
1511 1380 1969 1443 crassitudinem
1997 1380 2254 1443 habeant

216 1467 415 1531 mellis
463 1468 785 1550 densioris3
841 1487 910 1529 ex
963 1487 1035 1530 eo
1080 1470 1146 1529 in
1191 1468 1403 1530 balneo
1449 1468 1541 1530 vel
1588 1476 1725 1530 ante
1768 1469 1977 1530 horam
2022 1469 2254 1531 lavandi

222 1559 408 1620 facies
455 1557 774 1638 diligenter
818 1557 1090 1620 inlinitur
1136 1565 1196 1619 et
1242 1565 1378 1637 post
1424 1557 1703 1637 balneum
1750 1556 1991 1619 eluitur.

141 1661 192 1703 15
402 1645 482 1706 Ut
536 1647 782 1707 livorem
841 1647 913 1707 de
970 1648 1120 1708 facie
1176 1646 1374 1726 tollas,
1431 1644 1750 1726 gladiolum
1798 1644 2045 1706 herbam
2090 1645 2254 1725 palu·
2292 1654 2360 1703 52

218 1745 409 1797 strem
465 1736 756 1797 arundine
817 1743 920 1796 aut
979 1753 1114 1797 osse
1180 1742 1355 1796 acuto
1421 1734 1708 1796 radicitus
1772 1732 1987 1795 avelles
2050 1733 2252 1796 obser·

216 1843 366 1886 vans
412 1843 682 1905 prorsuS,
729 1842 804 1884 ne
852 1824 1012 1884 ferro
1061 1842 1188 1885 eam
1237 1825 1574 1905 contingas3
1619 1823 1798 1884 huius
1846 1822 2077 1884 radices
2118 1831 2254 1885 tun·

219 1932 324 1975 sae
381 1923 444 1973 et
504 1912 782 1975 subactae
838 1921 1017 1992 atque
1077 1911 1386 1993 emplastri
1446 1930 1611 1972 more
1677 1911 1978 1992 adpositae
2038 1912 2254 1973 livores

216 2009 505 2083 potenter
550 2001 882 2063 emendant.
961 2001 1216 2083 Radicis,
1266 2019 1416 2081 quae
1462 2001 1872 2080 manducatur,
1917 2000 1978 2060 id
2026 2008 2121 2061 est
2163 2019 2253 2061 ra·
2292 2007 2360 2057 53

138 2106 191 2146 20
219 2093 377 2172 fani,
434 2098 636 2152 cortex
683 2093 863 2152 tritus
910 2089 1226 2169 diligenter
1282 2097 1343 2152 et
1389 2109 1525 2152 cum
1574 2089 1744 2151 melle
1788 2089 2120 2169 permixtus
2166 2091 2253 2150 in-

218 2181 490 2259 litusque
520 2178 963 2258 suggillationes
992 2188 1171 2259 atque
1199 2179 1436 2260 livoreS,
1476 2181 1580 2259 qui
1609 2197 1679 2239 ex
1708 2178 1928 2240 ictibus
1956 2179 2255 2261 eveniunt,

220 2268 507 2331 celeriter
542 2268 860 2346 absterget.
926 2267 1249 2348 Origanum
1286 2268 1360 2329 ad
1402 2285 1689 2329 summam
1719 2266 2015 2329 levitatem
2045 2269 2255 2330 tritum
2293 2274 2360 2323 54

219 2361 287 2419 in
347 2356 590 2418 linteolo
648 2357 765 2418 udo
822 2358 1156 2437 adpositum
1216 2356 1436 2418 livores
1490 2357 1564 2418 de
1628 2373 1746 2435 quo
1803 2356 2062 2418 volueris
2125 2356 2255 2418 loco

223 2448 431 2508 statim
477 2444 658 2527 tollit3
705 2449 1017 2507 mentastri
1064 2464 1303 2526 quoque
1345 2444 1482 2506 folia
1518 2447 1660 2506 trita
1698 2452 1758 2506 et
1795 2445 2061 2524 adposita
2098 2445 2255 2506 idem

142 2551 196 2593 25
225 2543 553 2617 praestant.
631 2534 868 2599 Nitrum
917 2553 988 2596 ex
1035 2534 1210 2596 melle
1258 2542 1320 2595 et
1362 2534 1514 2595 lacte
1562 2533 1785 2594 bubulo
1831 2536 2038 2594 tritum
2079 2541 2254 2613 atque
2294 2539 2360 2589 55

224 2625 591 2704 permixtum
630 2624 1085 2728 adpositumque
1122 2622 1425 2684 ulceribus
1467 2625 1528 2683 in
1567 2623 1714 2683 facie
1753 2624 1908 2683 natis
1946 2629 2048 2682 aut
2085 2623 2257 2684 factis

226 2714 519 2774 citissime
565 2712 866 2795 medetur3
921 2715 1120 2792 ipsum
1168 2714 1344 2774 etiam
1391 2713 1616 2772 nitrum
1665 2728 1801 2770 cum
1848 2710 2089 2790 pulvere
2137 2713 2258 2792 opii

227 2810 292 2862 et
331 2820 476 2862 suco
514 2801 780 2881 thapsiae
818 2804 1028 2864 tritum
1066 2800 1520 2880 adpositumque
1552 2800 1768 2860 livores
1798 2801 1997 2860 statim
2036 2801 2256 2860 eximit.

230 2890 455 2952 Caseus
502 2893 783 2969 caprinus
822 2890 1033 2971 mollis,
1079 2889 1139 2949 id
1187 2897 1279 2949 est
1316 2906 1544 2968 recenS,
1591 2906 1727 2949 cum
1764 2886 1936 2948 melle
1976 2885 2259 2949 subactus
2295 2892 2365 2945 56

142 2993 199 3034 so
227 2981 666 3058 impositusque
724 2988 782 3040 et
837 2997 1032 3059 panno
1091 2978 1351 3057 desuper
1404 2985 1601 3038 tectus
1656 2984 1758 3037 aut
1814 2975 1995 3037 linteo
2043 2976 2260 3056 suggil-

231 3067 484 3129 lationes
530 3067 865 3147 livoresque
913 3067 1190 3129 celeriter
1236 3066 1552 3145 absterget.
1635 3064 1797 3147 Mali,
1852 3064 1914 3126 id
1962 3073 2055 3126 est
2099 3068 2260 3145 pomi
2296 3069 2363 3121 57

235 3157 393 3236 quod
440 3156 850 3238 manducatur,
895 3155 989 3217 vel
1034 3158 1211 3217 etiam
1258 3154 1469 3216 Punici
1519 3156 1750 3216 corium
1795 3164 2112 3216 contusum
2162 3155 2258 3215 ad·

233 3248 416 3306 mixta
461 3244 697 3324 polenta
735 3247 1078 3325 impositum
1119 3252 1178 3305 et
1213 3245 1431 3304 livores
1468 3242 1663 3304 abolet
1699 3252 1760 3305 et
1797 3243 2033 3305 dolores
2075 3242 2258 3302 sedat.

235 3334 417 3395 Lauri
463 3332 746 3394 bacarum
793 3336 1158 3413 quartarium
1204 3351 1418 3413 unum,
1465 3331 1831 3412 myrobalani
1876 3332 2259 3412 semunciam,
2296 3334 2365 3385 58

145 3436 206 3478 ss
236 3422 613 3501 faenograeci
666 3422 990 3503 heminam,
1047 3421 1287 3502 serpylli
1343 3439 1461 3482 non
1515 3420 1795 3501 multum3
1860 3421 2053 3481 tunsis
2110 3437 2259 3497 quae

234 3511 408 3572 tundi
478 3517 714 3589 oportet
778 3519 954 3590 atque
1009 3509 1287 3571 omnibus
1341 3512 1405 3570 in
1459 3527 1644 3570 unum
1702 3509 2014 3588 permixtis
2077 3507 2256 3568 medi·

237 3617 444 3661 camen
500 3598 647 3659 utile
705 3598 1007 3660 abolendis
1061 3597 1348 3659 livoribus
1405 3599 1613 3678 facieS,
1671 3615 1787 3675 quo
1839 3615 1948 3676 per
1993 3598 2256 3658 triduum
