2575 4092
17 959 30 1090 ῘΓ

997 274 1074 285 -
1177 238 1481 303 121-

217 402 367 461 riam
408 402 461 461 si
490 403 627 479 quis
664 400 1118 462 commanducet
1153 410 1215 462 et
1251 399 1506 462 subinde
1545 403 1836 482 pituitam,
1874 402 1934 462 id
1963 409 2056 463 est
2083 420 2247 464 umo-

218 507 347 549 rem
395 491 667 564 noxium,
724 497 968 569 expuat,
1022 489 1116 550 vel
1170 490 1476 551 marrubio
1523 492 1683 552 sicco
1729 499 1983 552 contuso
2029 499 2092 551 et
2136 494 2248 552 cri·

217 577 404 660 blato,
451 580 505 638 si
551 580 687 658 quis
733 578 973 639 dentem
1021 597 1157 639 cum
1205 580 1462 658 gingivis
1509 588 1686 659 tegat.
1778 579 1943 641 Facit
1989 579 2142 641 bene
2188 589 2251 641 et
2286 593 2317 643 ’1

219 685 390 748 aqua,
436 669 499 727 in
547 686 664 747 qua
711 666 1082 728 marrubium
1130 676 1369 729 coctum
1415 679 1525 745 est,
1570 685 1708 729 cum
1753 686 1822 728 os
1859 668 2073 748 aliquis
2110 669 2250 730 inde

168 782 194 823 5
221 755 525 836 colluerit3
582 758 729 817 item
774 755 1122 817 milesolium
1169 756 1725 818 commanducatum
1785 756 1875 817 vel
1930 775 2249 818 anemones

219 843 440 905 herbae
487 844 655 905 radix
702 863 838 905 cum
888 847 1018 923 pari
1061 845 1327 925 pondere
1382 846 1483 906 fici
1538 846 2022 907 commanducata
2071 848 2250 927 pitui-

221 944 342 994 tam
380 934 645 995 dentium
686 933 960 995 detrahit.
1016 933 1278 995 Cornum
1317 937 1624 996 cervinum
1652 933 2012 995 conbustum
2039 937 2248 996 tritum
2287 947 2321 997 8

221 1040 360 1082 cum
405 1030 573 1083 aceto
611 1021 891 1083 dentibus
928 1022 1267 1102 adpositum
1304 1023 1565 1102 prodest.
1625 1021 1814 1084 Radix
1851 1022 2075 1103 lapathi
2111 1042 2247 1085 cum
2285 1037 2317 1086 9

219 1113 358 1171 vino
414 1120 584 1172 cocta
638 1111 731 1172 vel
784 1111 955 1172 taeda
1008 1113 1250 1191 pinguis
1304 1113 1539 1173 incocta
1583 1120 1752 1173 aceto
1799 1111 1894 1173 vel
1940 1114 2249 1193 papaveris

141 1228 195 1268 10
221 1201 416 1279 capita
471 1208 533 1260 et
587 1207 792 1261 cortex
852 1199 989 1260 mali
1046 1198 1255 1261 Punici
1311 1203 1440 1280 pari
1495 1202 1757 1280 pondere
1818 1202 1954 1262 vino
2017 1203 2251 1263 incocta

220 1288 315 1348 vel
362 1288 673 1369 tithymalli
718 1288 886 1350 radix
933 1288 1205 1350 similiter
1251 1308 1391 1350 cum
1435 1292 1571 1351 vino
1623 1298 1792 1352 cocta
1840 1290 1932 1351 vel
1978 1291 2250 1369 colocyn-

221 1377 419 1438 thidos
458 1379 744 1438 interiora
783 1396 920 1438 cum
957 1377 1108 1439 lacte
1146 1386 1208 1439 et
1241 1386 1409 1439 aceto
1436 1381 1570 1457 pari
1595 1397 1876 1440 mensura
1904 1381 2044 1440 trita
2073 1387 2251 1459 atque

221 1468 514 1545 permixta
567 1465 661 1527 vel
715 1465 922 1527 alterci
976 1466 1143 1528 radix
1199 1485 1335 1528 cum
1393 1475 1561 1528 aceto
1617 1476 1786 1529 cocta
1841 1468 1935 1528 vel
1981 1469 2253 1547 capparis

222 1555 390 1616 radix
437 1563 605 1616 cocta
644 1574 781 1616 cum
818 1564 984 1617 aceto
1021 1565 1223 1617 vetere
1260 1555 1354 1616 vel
1391 1557 1557 1617 iunci
1592 1555 1778 1637 radix,
1826 1574 2004 1635 quam
2040 1554 2253 1617 Graeci

141 1671 193 1712 15
220 1662 483 1723 cyperon
512 1643 826 1725 appellant,
862 1644 954 1705 vel
986 1644 1335 1706 cucurbitae
1362 1644 1548 1725 radix,
1588 1663 1764 1723 quam
1801 1645 1960 1705 idem
1989 1644 2255 1705 sonchon

220 1732 543 1813 appellant,
590 1732 683 1793 vel
729 1733 1079 1812 pyrethrum
1126 1733 1685 1794 commanducatum
1729 1732 2049 1794 adversum
2093 1732 2253 1793 dolo-

220 1840 351 1882 rem
391 1822 659 1884 dentium
694 1821 1019 1901 plurimum
1054 1831 1328 1903 prosunt,
1375 1822 1429 1882 si
1465 1829 1526 1882 et
1563 1840 1714 1901 aqua
1752 1823 1898 1902 ipsa,
1936 1840 2052 1901 qua
2089 1823 2250 1882 inco·

222 1919 463 1991 cuntur,
509 1930 613 1971 ore
661 1919 951 1989 teneatur.
1026 1910 1216 1971 Rosae
1253 1910 1421 1972 floris
1459 1911 1618 1989 quod
1656 1919 1749 1972 est
1787 1910 2015 1971 luteum
2052 1910 2104 1971 X
2132 1909 2255 1990 Vll,

223 2002 711 2079 crocomagmatis
741 1999 793 2060 X
820 1999 968 2081 VIII,
1004 2018 1237 2079 myrrae
1267 1999 1321 2059 X
1347 1998 1493 2080 VIII,
1527 1999 1711 2077 gallae
1743 1999 2017 2079 Syriacae
2045 1998 2097 2058 X
2127 1997 2252 2079 IIII,

140 2115 192 2157 20
222 2088 318 2148 his
366 2090 428 2148 in
472 2107 662 2150 unum
706 2091 909 2149 mixtis
955 2096 1017 2149 et
1060 2090 1221 2149 tritis
1268 2090 1361 2150 uti
1406 2097 1643 2167 oportet
1681 2090 1876 2169 sicciS,
1924 2098 1992 2149 ut
2029 2106 2102 2149 ex
2138 2087 2253 2147 hoc

219 2176 470 2258 pulvere
506 2179 775 2256 gingivae
813 2177 1058 2239 adsidue
1097 2176 1426 2257 dentesque
1463 2183 1801 2256 tangantur.
1867 2176 2056 2238 Rosae
2089 2177 2252 2256 lapil-

221 2266 313 2326 los
362 2265 455 2326 vel
500 2284 700 2347 grana,
748 2268 999 2351 quae-in
1039 2265 1317 2327 folliculis
1355 2269 1483 2328 eius
1524 2274 1731 2346 postea
1771 2284 1946 2346 quam
1985 2284 2118 2326 esse
2158 2266 2255 2326 de·

224 2356 397 2415 sierit
433 2356 838 2435 inveniuntur,
876 2354 1102 2416 assabis
1141 2364 1202 2416 et
1237 2357 1302 2415 in
1338 2355 1644 2434 pulverem
1681 2355 1920 2433 rediges
1948 2355 2019 2415 ad
2051 2354 2103 2415 X
2130 2353 2256 2432 IIII,

222 2443 391 2503 floris
438 2462 677 2523 quoque
723 2446 855 2504 eius
902 2445 1048 2504 sicci
1095 2443 1145 2504 X
1190 2443 1272 2523 ΙΙ,
1330 2462 1562 2523 myrrae
1609 2443 1661 2504 X
1707 2443 1732 2504 Ι
1789 2445 1906 2504 teri
1959 2444 2140 2503 facies
2197 2454 2258 2501 et

141 2559 194 2599 25
225 2534 387 2593 sicco
436 2532 677 2611 pulvere
717 2534 1032 2594 adversum
1070 2532 1335 2593 dolorem
1375 2532 1572 2593 dentis
1610 2534 1799 2593 uteris
1844 2534 1944 2612 ita,
1983 2540 2051 2592 ut
2087 2532 2257 2610 prius

224 2640 292 2682 os
350 2620 575 2682 colluas
631 2630 799 2682 aceto
847 2620 1000 2683 salso
1047 2621 1267 2701 tepido.
1352 2620 1542 2682 Rosae
1589 2622 1833 2682 caninae
1881 2622 2028 2700 suci,
2080 2638 2256 2700 quam

224 2710 441 2770 Graeci
485 2710 919 2789 cynorrhodam
957 2720 1185 2790 vocant,
1232 2709 1326 2770 vel
1361 2711 1551 2788 ipsius
1587 2709 1808 2770 herbae
1844 2709 2064 2769 radicis
2103 2708 2155 2768 X
2188 2708 2259 2788 II,

222 2799 344 2878 lyci
398 2797 451 2859 X
504 2798 529 2859 Ι
583 2818 720 2860 cum
775 2802 913 2860 vino
971 2806 1212 2859 austero
1268 2800 1448 2878 coqui
1503 2798 1685 2859 facies
1741 2807 1801 2858 et
1860 2798 2083 2858 adicies
2138 2796 2259 2858 alu·

221 2890 405 2949 minis
445 2887 497 2947 X
532 2887 657 2967 IIII,
705 2906 939 2967 myrrae
978 2887 1030 2947 X
1066 2886 1091 2946 1
1129 2895 1190 2947 et
1226 2886 1301 2947 de
1340 2888 1674 2967 saepiarum
1712 2888 1883 2947 testis
1922 2903 2072 2964 quae
2120 2894 2261 2946 sunt

141 3011 195 3051 ω
222 2978 515 3038 interiora
561 2976 613 3036 X
650 2977 733 3057 113
780 2976 875 3038 his
920 2977 1081 3037 tritis
1128 2986 1187 3037 et
1233 2978 1295 3036 in
1342 2994 1530 3037 unum
1568 2976 2015 3055 concorporatis
2051 2974 2260 3036 dentes

225 3074 287 3127 et
345 3067 613 3144 gingivas
672 3068 1009 3145 contingeS,
1064 3073 1201 3143 post
1255 3064 1372 3124 hoc
1428 3066 1565 3125 vino
1617 3073 1856 3125 austero
1904 3083 1971 3124 os
2019 3063 2250 3125 collues

225 3154 445 3234 Cyperi
483 3153 535 3214 X
571 3153 718 3235 VIII,
766 3155 1121 3215 sandaracae
1168 3152 1220 3212 X
1257 3151 1377 3233 VII,
1425 3153 1608 3232 gallae
1648 3154 1794 3215 duas
1831 3161 2050 3235 parteS,
2097 3155 2258 3232 pipe-

223 3245 311 3303 ris
369 3242 489 3304 albi
544 3241 685 3323 XI,
742 3242 1017 3303 aluminis
1064 3242 1192 3302 fissi
1237 3241 1405 3322 XII,
1461 3261 1693 3347 myrrae
1741 3241 1792 3301 X
1829 3241 1910 3322 113
1968 3252 2027 3302 et
2082 3241 2260 3302 huius

223 3331 651 3393 medicamenti
689 3332 897 3392 similis
940 3342 1032 3392 est
1068 3349 1214 3392 usus
1253 3333 1408 3393 sicut
1447 3333 1794 3411 superioriS,
1832 3341 1899 3391 ut
1936 3333 2095 3391 sicco
2133 3328 2260 3409 pul·

374 3474 402 3520 1
442 3471 740 3522 tumorem.
797 3520 800 3523 Α
914 3472 944 3519 2
983 3465 1281 3522 marruvio.
1446 3473 1479 3520 4
1516 3465 1876 3520 marruvium.
2058 3471 2091 3517 ὁ
2131 3478 2262 3516 ane·

224 3538 428 3595 monis.
620 3544 649 3591 7
686 3537 1230 3592 tritutum.15
1267 3536 1536 3617 cyperon]
1577 3537 1814 3591 acorion.
1987 3532 2260 3615 sonchon]

225 3626 448 3667 scocon.
564 3614 634 3661 27
665 3609 1083 3678 cynocytidam3
1121 3625 1198 3662 an
1223 3606 1722 3678 hypocistida(m)?
1814 3612 1882 3661 32
1921 3604 2261 3659 sandaricae.

2295 1924 2360 1972 10

2296 2190 2359 2237 11

2297 2633 2362 2680 12

2300 3165 2365 3213 13
