2575 4092
1107 250 1589 315 -278—

337 414 535 474 festim
564 411 749 494 dolor,
787 430 923 474 cum
953 431 1052 474 eas
1082 413 1366 475 deiecerit
1392 413 1783 494 torminosus3
1815 419 1953 492 post
1977 413 2369 474 iniectionem

337 519 478 563 sane
526 501 702 563 detur
748 500 938 562 cibus,

233 601 303 651 24
516 590 691 652 Aliud
736 590 1252 672 medicamentum,
1299 589 1458 669 quod
1503 591 1754 651 mirifice
1795 589 2039 669 prodest
2074 591 2367 650 tormino-

338 681 439 760 sis,
486 681 610 741 sive
656 678 884 740 febrem
929 679 1247 741 habuerint
1293 697 1403 740 seu
1448 680 1577 739 sine
1623 678 1790 739 febre
1836 679 2084 740 fuerint:
2130 676 2367 739 Planta-

337 770 492 849 ginis
548 769 678 830 suci
732 767 968 829 hemina
1023 768 1235 847 frigida
1290 766 1385 828 vcl
1440 768 1637 847 tepida
1692 768 2014 829 inmittitur
2077 785 2186 846 per
2243 766 2365 847 cly-
2394 782 2423 824 5

337 865 559 919 sterem
618 859 682 917 in
738 875 917 918 anum
976 856 1068 918 vel
1129 874 1239 936 per
1296 874 1360 917 se
1417 856 1539 917 sola
1593 855 1687 917 vel
1731 875 1868 917 cum
1913 857 2049 917 vino
2096 874 2169 916 ex
2213 857 2367 936 piris

338 945 599 1026 Syriacis
643 947 817 1007 facto.
898 945 1026 1007 Hoc
1074 946 1573 1007 medicamentum
1624 947 1804 1006 etiam
1848 946 1902 1005 si
1946 962 2123 1024 aeger
2158 944 2366 1006 cibum

334 1034 658 1116 horrescit,
715 1036 981 1095 restituit
1026 1036 1082 1094 ei
1129 1033 1517 1114 cupiditatem
1560 1033 1981 1116 manducandi3
2031 1033 2172 1095 facit
2217 1051 2366 1094 vero

339 1125 513 1185 sitem
559 1121 1009 1204 intolerabilem,
1056 1121 1160 1183 sed
1208 1122 1512 1184 moderate
1556 1121 1898 1183 bibendum.

230 1219 300 1270 25
515 1210 792 1272 Pastillus
838 1210 912 1272 ad
957 1213 1320 1272 torminosos
1357 1211 1565 1273 efficax
1603 1212 1919 1272 conficitur
1955 1213 2068 1272 sic:
2113 1211 2363 1272 Acaciae
2393 1228 2451 1268 10

337 1299 388 1361 X
424 1299 477 1381 1,
525 1298 664 1360 mali
708 1301 941 1379 granati
985 1301 1229 1360 corticis
1277 1299 1330 1359 X
1365 1299 1513 1381 VIII,
1557 1299 1741 1380 gallae
1789 1299 2063 1379 Syriacae
2108 1301 2364 1360 inmatu-

334 1406 437 1449 rae
484 1387 535 1447 X
582 1387 656 1468 V,
714 1389 948 1466 soporis
994 1387 1045 1448 X
1090 1387 1166 1470 V,
1221 1391 1404 1468 myrti
1457 1388 1741 1450 bacarum
1793 1390 2099 1467 nigrarum
2144 1387 2196 1447 X
2242 1386 2366 1466 vn,

335 1476 500 1558 rhuS,
540 1475 697 1557 quod
736 1478 976 1538 coriarii
1012 1483 1283 1558 utuntur,
1321 1476 1374 1538 X
1402 1476 1560 1537 VIIII
1603 1476 1695 1537 vel
1733 1477 2001 1538 eiusdem
2029 1479 2160 1538 suci
2186 1475 2240 1536 X
2267 1475 2363 1558 VI,

334 1565 542 1627 alterci
589 1567 832 1626 seminis
880 1564 932 1625 X
971 1564 1117 1646 VIII,
1162 1568 1318 1627 turis
1365 1565 1417 1626 X
1464 1564 1609 1646 VIII,
1656 1565 1805 1626 rhus
1854 1565 2078 1645 Syriaci
2124 1564 2175 1624 X
2213 1564 2361 1626 VIII.

333 1654 493 1715 Haec
531 1656 728 1715 omnia
765 1656 1104 1715 animantur
1140 1662 1380 1733 praeter
1416 1656 1691 1734 acaciam,
1729 1662 1847 1735 ωε,
1884 1656 2087 1733 opium
2124 1661 2186 1714 et
2219 1671 2361 1714 con·
2391 1671 2447 1712 15

334 1743 671 1804 tunduntur
717 1759 988 1804 seorsum
1038 1751 1099 1804 et
1143 1745 1208 1803 in
1251 1761 1439 1804 unum
1486 1744 1816 1804 miscentur
1861 1744 2118 1822 vinoque
2164 1744 2365 1804 omnia

333 1833 592 1910 myrtino
639 1840 1117 1916 consparguntur
1162 1838 1340 1911 atque
1386 1833 1449 1891 in
1496 1831 1710 1911 pyxide
1748 1831 1918 1892 fictili
1958 1839 2363 1914 reponuntur3

336 1922 388 1981 si
435 1922 570 2000 quis
615 1919 773 1981 volet
816 1920 1082 1999 pastillos
1128 1920 1343 2001 facere,
1389 1920 1605 1981 adiciet
1640 1922 1896 1999 gummis
1934 1919 1985 1979 X
2023 1919 2115 1981 VI.
2187 1919 2361 1980 Dabi-

333 2018 436 2071 tur
472 2028 545 2069 ex
580 2008 693 2070 hoc
730 2009 1163 2070 medicamento
1201 2010 1403 2069 ieiuno
1447 2010 1774 2069 torminoso
1814 2008 1865 2068 X
1903 2026 2061 2070 unus
2097 2027 2168 2069 ex
2208 2027 2363 2088 aqua

332 2097 427 2162 vel
464 2116 535 2158 ex
572 2099 710 2158 vino
748 2099 932 2158 mixto
969 2104 1216 2177 myrteo.
1300 2096 1463 2158 Idem
1503 2098 2002 2159 medicamentum
2038 2098 2364 2159 inmittitur
2390 2115 2447 2155 so

333 2204 444 2265 per
490 2185 804 2264 clysterem
853 2185 923 2245 ad
973 2203 1313 2247 mensuram
1358 2187 1521 2248 iuxta
1567 2188 1725 2247 vires
1771 2187 2082 2265 cuiusque.

228 2279 296 2329 26
514 2271 679 2334 Vinis
723 2274 817 2334 uti
862 2281 1099 2351 oportet
1143 2277 1504 2335 torminosos
1542 2293 1616 2335 ex
1651 2282 1845 2354 myrto
1884 2283 1946 2336 et
1981 2276 2130 2354 piris
2167 2273 2364 2354 Syria·

335 2364 439 2442 ciS,
487 2379 557 2421 ex
604 2361 775 2422 malis
817 2361 1096 2441 cydoneis
1144 2370 1204 2423 et
1249 2362 1608 2444 terebintho,
1657 2382 1729 2424 ex
1774 2363 1921 2424 rhus
1968 2365 2240 2443 coriario,
2287 2381 2362 2423 ex

333 2449 545 2531 glande
592 2452 894 2531 quercina,
942 2468 1013 2510 ex
1071 2450 1356 2533 lapathio,
1404 2470 1476 2512 ex
1529 2451 1736 2530 populi
1782 2452 2010 2533 fructu,
2066 2469 2138 2513 ex
2190 2450 2363 2531 rubo,

334 2558 407 2622 ex
434 2538 823 2619 hypocistide.
871 2538 1034 2610 Quae
1064 2542 1260 2601 omnia
1299 2540 1716 2620 decoquuntur
1755 2558 2027 2601 seorsum
2054 2558 2191 2601 cum
2220 2541 2359 2601 vino
2387 2556 2444 2598 25

335 2627 690 2689 Surrentino
738 2635 841 2689 aut
888 2627 1161 2710 Signino,
1211 2631 1441 2707 potioni
1486 2647 1627 2689 vero
1674 2629 2039 2690 admiscetur
2079 2646 2234 2708 aqua
2280 2630 2363 2689 ci-

337 2717 604 2777 sternina
649 2716 895 2778 decocta
941 2725 1001 2778 et
1047 2716 1158 2778 sub
1206 2717 1339 2778 divo
1385 2719 1595 2797 posita.

230 2809 298 2859 27
514 2802 767 2866 Prodest
820 2807 1164 2867 torminosis
1213 2805 1304 2867 lac
1348 2813 1584 2887 potum,
1638 2808 1702 2866 in
1758 2805 1917 2885 quod
1971 2804 2198 2884 lapides
2243 2805 2362 2866 fer-

335 2902 543 2955 ventes
599 2896 836 2973 saepius
892 2893 984 2955 vel
1040 2895 1268 2955 ferrum
1324 2895 1585 2955 candens
1642 2895 1966 2955 demissum
2031 2895 2244 2975 fuerit,
2309 2895 2364 2954 si

334 2989 533 3043 tamen
579 3000 699 3043 non
745 2982 1186 3044 febricitabunt.
2388 2999 2444 3039 ³⁰

228 3074 298 3125 28
514 3070 645 3132 Cibi
699 3079 953 3149 prosunt
1001 3072 1347 3133 torminosis
1390 3071 1760 3133 huiusmodi:
1822 3069 1999 3132 Panis
2044 3071 2363 3131 fermenta-

335 3165 434 3220 tus
482 3159 696 3240 durus,
749 3160 947 3238 pultes
996 3160 1291 3242 diversae,
1347 3159 1627 3220 lenticula
1674 3167 1840 3221 aceto
1889 3159 2152 3239 condita,
2199 3157 2362 3220 bras·
2444 3166 2454 3173 ‘

335 3250 477 3332 sica,
521 3247 813 3330 plantago,
861 3248 1064 3330 intiba,
1110 3247 1261 3310 mala
1310 3249 1588 3328 cydonea,
1634 3267 1781 3309 uvae
1828 3266 1899 3308 ex
1938 3247 2087 3329 ollis,
2133 3247 2361 3326 palmae

515 3406 548 3455 5
587 3401 824 3457 clistere.
1007 3409 1040 3458 8
1079 3402 1328 3457 orrescit.
1527 3407 1593 3455 12
1631 3402 1844 3470 operis:
1883 3399 2001 3471 opii
2039 3400 2362 3457 Gornarius.

339 3477 408 3525 13
447 3488 559 3540 quo
596 3472 916 3528 Carnarius.
1022 3479 1086 3528 19
1125 3473 1616 3528 medicamentum.
1707 3477 1775 3526 21
1815 3473 2072 3542 clystere.
2164 3478 2239 3527 24
2264 3490 2364 3542 pu-

334 3542 472 3609 puli.
627 3548 695 3596 25
734 3543 1181 3611 dequoquuntur.
1336 3547 1406 3598 28
1442 3542 1791 3599 torminosos.
1951 3548 2021 3598 29
2060 3543 2366 3598 demissum

335 3612 534 3680 scripsi
542 3634 560 3666 .·
597 3611 905 3668 dimissum.

2561 1201 2564 1302 1
