2575 4092
1018 254 1418 318 -9-

216 431 419 474 venere
449 433 696 495 quoque
723 414 1158 498 abstinendum,
1197 418 1437 496 parcius
1466 419 1644 479 etiam
1671 418 2074 481 ieiunandum.
2143 418 2233 481 Ab

214 501 317 563 hoc
355 521 572 566 rursus
612 513 899 586 tempore,
949 504 1009 566 id
1048 514 1139 567 est
1176 524 1209 566 a
1246 505 1355 567 1111
1394 506 1530 568 idus
1566 505 1948 587 Novembres,
1991 511 2234 588 sanguis

215 589 425 675 deficit3
473 597 758 673 congruit
803 597 986 675 igitur
1030 594 1355 657 levioribus
1400 594 1552 657 cibis
1592 598 1695 671 uti,
1740 598 1876 657 vino
1925 596 2234 677 indulgere

211 697 313 741 nec
356 700 474 744 usu
514 686 757 745 venerio
795 683 1094 745 abstinere
1133 686 1196 745 in
1234 683 1365 746 VIII
1402 683 1528 746 Kal.
1569 683 1816 766 Ianuar.,
1861 704 1936 747 ex
1982 704 2101 766 quo
2149 688 2234 748 in-

166 783 188 824 5
212 770 347 850 cipit
383 778 628 852 tempus
665 771 999 835 hibernum.
1072 771 1251 854 Haec,
1301 780 1368 835 ut
1406 772 1546 849 dixi,
1592 772 1915 836 observans
1951 775 2235 837 incolumi

212 861 485 938 sospitate
535 864 694 924 vitae
743 865 929 942 spatia
976 870 1358 924 transcurres
1414 881 1526 924 nec
1582 862 1702 924 ulla
1757 860 2053 944 indigebis
2100 867 2234 927 visi·

208 949 421 1010 tatione
460 959 569 1013 aut
617 953 925 1013 curatione
969 951 1357 1013 medicorum.

289 1159 632 1243 Epistula
682 1164 819 1226 alia
867 1164 1190 1226 eiusdem
1234 1163 1707 1245 Hippocratis
1754 1184 1837 1227 ex
1884 1164 2156 1227 Graeco

708 1253 1064 1315 translata
1110 1253 1191 1315 ad
1238 1252 1735 1316 Maecenatem.

377 1394 576 1466 Quem
608 1398 842 1475 roganti
869 1395 979 1458 tibi
1007 1395 1273 1458 libellum
1302 1397 1569 1480 promisi,
1606 1399 1770 1458 omni
1799 1415 1944 1458 cura
1973 1396 2235 1459 adhibita

211 1478 575 1564 descriptum
642 1487 808 1567 misi,
873 1485 1384 1547 ordinatissimum
1452 1493 1588 1547 tuae
1646 1485 1854 1547 salutis
1909 1487 2237 1568 custodem,

142 1581 186 1621 10
210 1587 377 1649 quem
439 1574 696 1637 debebis
749 1583 870 1636 tam
925 1573 1242 1655 diligenter
1297 1576 1523 1636 intueri
1576 1592 1753 1654 quam
1810 1578 2073 1655 scriptus
2128 1586 2237 1637 est.

209 1657 290 1720 Ad
344 1667 724 1727 curationem
781 1665 936 1724 enim
992 1665 1264 1744 corporis
1322 1665 1412 1724 tui
1467 1665 1665 1723 omnia
1722 1663 2023 1742 explorata
2079 1671 2239 1745 sunt,

211 1765 349 1827 quae
388 1771 531 1814 cum
562 1770 768 1815 rerum
796 1752 1011 1815 effectu
1040 1753 1288 1832 conperi
1316 1750 1713 1830 celeriterque
1743 1751 2069 1832 conplexus
2087 1770 2238 1815 sum.

207 1834 429 1903 Intueri
473 1861 622 1922 ergo
661 1859 896 1903 omnem
934 1842 1265 1903 medicinae
1304 1842 1597 1901 rationem
1635 1838 1898 1902 debebis.
1971 1840 2238 1921 Namque

211 1942 312 2005 ego
349 1930 634 2012 diligenti
669 1949 830 2012 cura,
878 1930 1019 1992 licet
1056 1948 1286 1993 summa
1325 1929 1634 2010 brevitate,
1672 1928 2083 2009 conprehendi
2120 1931 2238 1990 sin-

143 2023 186 2066 15
211 2016 337 2093 gula
394 2023 781 2083 curationum
826 2038 1063 2102 genera,
1109 2021 1267 2081 sicut
1315 2020 1583 2099 proxime
1630 2020 1693 2080 in
1741 2037 1812 2080 eo
1859 2018 2058 2080 libello
2105 2019 2238 2095 feci,

212 2122 383 2183 quem
418 2109 665 2171 Caesari
700 2117 907 2170 nostro
946 2126 1147 2170 coram
1184 2116 1243 2170 te
1282 2108 1529 2170 tradidi:
1569 2126 1716 2188 quas
1754 2110 2094 2170 curationes
2131 2127 2240 2188 per

209 2199 390 2258 temet
414 2201 619 2279 ipsum
648 2200 962 2259 aestimare
991 2199 1236 2280 poteriS,
1266 2196 1638 2277 sapientibus
1667 2200 1825 2259 enim
1853 2200 2007 2259 ratio
2036 2200 2239 2259 venire

211 2283 268 2343 in
315 2286 634 2350 consilium
671 2287 957 2350 adsuevit.
1030 2287 1219 2348 Omne
1266 2288 1467 2367 itaque
1510 2304 1730 2366 corpus
1766 2287 2094 2369 hominum,
2140 2305 2239 2366 pe-

213 2374 427 2439 cudum
467 2377 812 2459 alitumque,
850 2394 922 2436 ex
961 2383 1244 2455 quattuor
1280 2374 1602 2455 generibus
1639 2383 1890 2457 constat,
1928 2376 2033 2437 sed
2071 2394 2240 2456 prae-

146 2468 194 2509 20
218 2462 384 2540 cipue
430 2467 772 2528 hominum:
819 2464 1037 2546 calido,
1084 2464 1327 2547 frigido,
1374 2466 1534 2526 sicco
1582 2472 1642 2525 et
1687 2464 1908 2526 umido.
1999 2463 2240 2543 Frigido

220 2553 369 2614 enim
406 2557 797 2619 continentur
825 2556 1070 2633 viscera,
1108 2553 1267 2616 unde
1305 2555 1628 2632 spiramus:
1666 2552 1862 2614 calore
1899 2555 2243 2614 continetur

221 2642 421 2727 anima,
464 2663 580 2724 qua
618 2645 888 2724 vivimuS,
926 2643 986 2704 id
1026 2650 1118 2703 est
1156 2661 1271 2722 qua
1309 2644 1488 2704 vitam
1528 2643 1835 2703 sentimus.
1904 2641 2073 2703 Sicca
2102 2649 2242 2705 sunt

224 2744 365 2813 ossa,
413 2752 567 2813 quae
606 2735 763 2794 vires
802 2733 1029 2793 faciunt
1066 2731 1138 2792 ad
1190 2731 1608 2793 sustinendum
1655 2730 1946 2792 laborem:
2002 2730 2242 2792 umidus

224 2826 310 2879 est
345 2824 608 2904 sanguis,
646 2840 762 2901 quo
802 2820 981 2882 alitur
1017 2822 1152 2881 vita.
1208 2820 1325 2881 Per
1363 2821 1558 2882 omnia
1596 2821 1756 2881 enim
1794 2821 2022 2881 viscera
2059 2838 2242 2881 venae

152 2914 199 2955 2⁵
225 2920 489 2992 currunt,
535 2929 686 2991 quae
733 2911 1084 2989 sanguinem
1129 2916 1364 2987 regunt.
1440 2908 1695 2986 Sanguis
1731 2910 2004 2989 animam,
2051 2910 2243 2969 anima

222 2997 393 3061 vitam
442 3002 716 3081 sustinet,
764 3001 1013 3079 spiritus
1061 3006 1259 3059 autem
1308 2999 1464 3059 aeris
1505 3004 1615 3058 est.
1689 2996 1837 3058 Ossa
1878 2998 2079 3059 nervis
2114 3015 2243 3059 mu-

223 3086 337 3148 nita
406 3090 688 3150 virtutem
748 3089 986 3167 corpori
1045 3095 1368 3167 praestant.
1464 3085 1716 3165 Sanguis
1771 3105 1908 3148 cum
1964 3086 2242 3167 abundat,

224 3174 612 3241 valetudinem
660 3179 843 3239 vitiat.
934 3176 1023 3237 Ex
1072 3194 1142 3236 eo
1189 3178 1458 3237 nascitur
1505 3177 1728 3257 sanies,
1788 3194 1964 3255 quam
2010 3179 2074 3237 in
2120 3174 2241 3236 vul·

225 3266 463 3329 neribus
510 3269 690 3328 sectis
736 3267 1031 3347 videmus3
1078 3266 1348 3327 nascitur
1394 3272 1454 3325 et
1498 3265 1730 3347 pituita,
1778 3283 1928 3345 quae
1975 3266 2242 3327 nausiam

361 3427 389 3475 1
439 3438 474 3476 a.
520 3420 648 3476 add.
695 3435 870 3490 supra
918 3420 1119 3474 lineam
1166 3422 1293 3473 ante
1337 3433 1538 3473 venere
1576 3422 1696 3474 2m.
1881 3425 1912 3473 6
1951 3416 2104 3473 vitae
2141 3432 2241 3472 om.

225 3490 287 3543 20
330 3491 578 3560 humido,
626 3492 751 3547 item
797 3497 866 3546 23
915 3489 1194 3546 humidus.
1378 3493 1448 3543 24
1482 3504 1586 3557 per
1620 3490 1764 3545 deest
1809 3488 2007 3544 litteras
2040 3489 2245 3557 paucis

223 3565 398 3619 erasis.
545 3562 736 3619 omnia.
781 3563 957 3634 enim]
1015 3576 1146 3615 ossa,
1191 3561 1264 3616 et.
1411 3563 1480 3613 25
1519 3563 1717 3615 curant
1753 3565 1852 3614 lm
1887 3561 2087 3614 curant
2121 3563 2241 3616 2m.

223 3634 285 3688 28
320 3633 707 3690 valitudinem.
