2575 4092
1002 283 1087 346 —w
1176 248 1303 314 331
1401 285 1485 295 -

400 409 488 471 Ad
535 409 811 490 rhagadia
858 412 921 470 in
966 428 1079 472 ano
1125 413 1455 473 nascentia:
1503 410 1759 490 Spumae
1806 416 2037 492 argenti
2083 448 2159 457 —
2201 414 2245 495 1,
2287 426 2352 474 12

215 499 337 561 olei
383 500 545 559 rosei
594 530 670 543 -
713 498 740 559 I
792 499 1181 578 permiscebis
1239 509 1300 561 et
1355 500 1598 562 adsidue
1656 500 1937 580 adpones
2016 501 2245 565 Planta·
2288 515 2353 563 13

190 589 376 667 ‚ginis
424 586 562 648 folia
607 596 668 649 et
711 587 943 649 radices
985 596 1046 649 et
1082 588 1327 650 herbam
1366 589 1776 651 centenodiam
1815 598 1875 651 et
1911 590 2049 652 rubi
2087 610 2247 652 sum·

215 677 487 737 mitatem
526 683 589 737 et
622 676 870 756 mespila
909 684 969 737 et
1005 677 1267 757 cydonea
1306 685 1366 739 et
1402 696 1589 740 nuces
1627 677 1819 739 Gallas
1857 687 1918 740 et
1954 679 2028 741 de
2066 679 2244 742 salice

153 782 186 823 5
218 764 481 845 frondes,
529 783 678 845 quae
724 768 1082 827 tenerrimae
1121 767 1363 847 fuerint,
1410 786 1549 828 cum
1590 774 1921 829 atramento
1960 771 2244 831 sutoricio

215 872 293 914 ex
339 872 489 933 aqua
536 872 758 933 coques
806 854 982 916 simul
1028 857 1304 916 universa
1351 855 1579 917 adiecta
1622 867 1831 935 quarta
1876 866 2044 937 parte
2091 860 2247 920 aceti

216 950 280 1003 et
335 941 558 1003 celabis
612 943 931 1022 diligenter
983 951 1160 1023 atque
1207 945 1346 1006 inde
1393 943 1620 1006 fovebis
1667 963 1767 1006 eas
1811 954 2039 1027 partes„
2085 947 2243 1008 unde

213 1031 703 1092 haemorrhoides
751 1031 962 1093 fluunt.

396 1119 552 1181 Rubi
607 1123 1006 1182 summitatem
1055 1121 1298 1201 colliges
1345 1130 1406 1183 et
1451 1121 1602 1183 mala
1648 1121 1968 1204 silvestria3
2023 1122 2243 1184 rubum
2282 1135 2352 1183 14

123 1226 182 1265 ιο
213 1217 414 1270 autem
470 1212 533 1269 in
589 1212 873 1270 mortario
929 1217 1089 1271 teres
1146 1218 1205 1272 et
1261 1210 1625 1272 silvestrium
1670 1229 1985 1290 pomorum
2031 1230 2243 1274 sucum

213 1300 513 1377 exprimes
568 1307 629 1359 et
683 1301 909 1378 pariter
959 1299 1241 1360 miscebis
1298 1318 1365 1361 ac
1430 1300 1759 1361 fomentum
1821 1300 1962 1361 inde
2018 1301 2241 1362 factum

212 1386 471 1448 calidum
489 1386 1046 1449 haemorrhoidibus
1070 1388 1348 1467 adpones,
1386 1388 1662 1449 Chartam
1681 1388 1998 1468 diligenter
2022 1408 2238 1451 exures
2279 1400 2345 1449 15

212 1482 274 1536 et
312 1478 575 1537 cinerem
612 1479 744 1538 eius
780 1478 904 1537 sive
943 1476 1249 1556 fuliginem
1286 1478 1505 1537 siccam
1545 1477 1618 1538 ad
1655 1476 1937 1538 fluentem
1972 1477 2239 1539 haemor-

210 1564 441 1626 rhoidis
486 1583 696 1625 venam
741 1572 862 1626 tam
908 1566 1011 1626 diu
1058 1565 1338 1646 adpones,
1385 1565 1574 1626 donec
1618 1567 1963 1644 stringatur.

122 1668 181 1710 15
392 1653 479 1713 Ad
529 1654 691 1734 ficOS,
742 1655 848 1733 qui
892 1656 954 1714 in
1000 1654 1148 1714 locis
1196 1653 1726 1715 verecundioribus
1772 1663 2116 1736 nascuntur,
2163 1654 2237 1715 de
2279 1666 2344 1715 16

211 1741 405 1803 orbita
452 1751 617 1803 rotae
664 1742 874 1822 collige
921 1741 1117 1803 calvos
1164 1742 1391 1822 lapides
1435 1761 1555 1803 non
1600 1742 2001 1822 praegrandes
2041 1761 2236 1822 neque

209 1849 426 1910 parvos
474 1840 534 1892 et
580 1850 733 1910 pone
780 1834 843 1892 in
890 1832 1047 1912 foco,
1105 1838 1172 1892 ut
1218 1831 1371 1891 bene
1417 1831 1803 1913 candescant,
1854 1839 1916 1893 et
1959 1830 2102 1893 lotio
2148 1834 2236 1892 in·

209 1921 391 1981 fantis
448 1938 551 1980 eos
606 1922 913 2001 extingue3
971 1927 1176 1999 postea
1242 1920 1316 1980 de
1371 1921 1503 1999 ipso
1558 1919 1701 1981 lotio
1747 1919 1945 1981 locum
1991 1920 2237 1982 adsidue

209 2008 355 2087 lava,
402 2010 483 2069 ita
531 2016 596 2070 ut
641 2010 988 2088 frequenter
1025 2015 1221 2069 mutes
1265 2016 1326 2069 et
1361 2008 1586 2088 lapides
1623 2018 1682 2069 et
1720 2008 1930 2069 lotium
1965 2008 2235 2090 infantis3

121 2113 180 2153 so
210 2104 444 2158 tantum
490 2098 776 2180 proderit,
823 2106 892 2159 ut
938 2100 1202 2159 sectione
1249 2105 1312 2158 et
1356 2098 1516 2158 ferro
1564 2115 1715 2176 opus
1762 2115 1881 2157 non
1928 2099 2023 2158 sit.

388 2185 654 2248 Extalem
699 2189 1137 2266 prominentem
1175 2188 1311 2247 vino
1349 2186 1530 2247 lavari
1565 2187 1752 2268 priuS,
1799 2185 2014 2247 deinde
2053 2186 2233 2247 cedro
2275 2198 2341 2247 17

207 2277 355 2354 ungi
401 2284 461 2337 et
505 2275 717 2356 pollice
764 2275 1016 2356 propelli
1060 2278 1390 2336 introrsum
1436 2283 1689 2355 oportet.

387 2364 501 2425 Ani
544 2366 704 2426 vitiis
736 2364 1027 2426 ‘omnibus
1073 2365 1426 2444 plantaginis
1463 2364 1630 2424 radix
1668 2364 2053 2425 decrescente
2092 2363 2232 2426 luna
2276 2375 2340 2424 18

206 2453 305 2514 die
363 2452 607 2514 Saturni
661 2454 970 2515 occidente
1027 2452 1149 2514 sole
1205 2452 1453 2513 collecta
1506 2452 1599 2512 vel
1658 2461 1895 2532 sumpta
1951 2462 2012 2513 et
2065 2452 2230 2532 pelli·

119 2554 180 2597 25
210 2541 342 2603 cula
388 2541 482 2602 vel
534 2560 730 2621 panno
775 2542 1089 2623 phoenicio
1137 2540 1413 2602 obvoluta
1461 2558 1528 2601 ac
1573 2540 1710 2601 licio
1755 2541 1931 2620 ligata
1978 2549 2038 2601 et
2083 2541 2232 2601 lum-

199 2631 302 2691 ‘bis
365 2630 728 2692 circumdata
792 2632 1075 2691 continuo
1132 2631 1445 2690 sanitatem
1498 2628 1842 2708 praestabit.
1935 2628 2232 2690 Sertulam
2272 2640 2337 2689 19

204 2719 562 2798 Campanam
617 2738 690 2780 ex
743 2722 880 2780 vino
936 2727 1038 2780 aut
1090 2736 1265 2797 passo
1323 2725 1552 2778 coctam
1607 2719 1785 2778 terito
1842 2726 1902 2778 et
1951 2717 2232 2797 adponito

8 2819 9 2822 ’
122 2849 127 2854 -
203 2808 279 2869 ad
335 2826 513 2868 anum
569 2826 759 2887 eoque
816 2811 979 2890 vino,
1033 2810 1097 2868 in
1155 2825 1273 2886 quo
1323 2806 1606 2867 sertulam
1652 2808 1910 2887 coxeriS,
1958 2814 2018 2866 et
2063 2808 2231 2884 prius

160 2903 168 2909 '
204 2903 266 2957 et
311 2904 516 2977 postea
562 2915 740 2957 anum
787 2897 1000 2979 foveto,
1047 2895 1324 2957 celeriter
1371 2894 1622 2955 sanabis.
1697 2894 1846 2957 Caro
1890 2896 1987 2954 ani
2025 2911 2230 2972 super·
2268 2904 2338 2955 20

118 3000 178 3041 so
208 3004 391 3050 vacua
438 2988 566 3046 sine
614 2985 818 3046 dolore
866 2993 1271 3067 consumetur,
1319 2986 1373 3044 si
1417 3002 1769 3045 araneorum
1816 2983 1909 3043 fila
1957 2982 2237 3064 adpones,

207 3093 359 3154 quae
405 3076 471 3135 in
515 3075 704 3135 vineis
749 3076 1150 3135 inveniuntur.

382 3162 622 3244 Cedria,
671 3181 786 3242 qua
832 3162 1059 3223 librarii
1105 3167 1387 3243 utuntur,
1433 3162 1485 3222 si
1530 3179 1707 3223 anum
1751 3162 2001 3222 ficosum
2049 3168 2109 3221 et
2154 3160 2227 3222 ad
2266 3171 2332 3221 21

205 3255 534 3314 sectionem
581 3259 948 3333 spectantem
994 3252 1341 3330 frequenter
1388 3252 1520 3311 vino
1568 3249 1757 3311 calido
1795 3252 1964 3327 prius
2002 3248 2230 3310 elutum

202 3339 451 3420 specillo
496 3343 850 3420 perunxeris
897 3348 1073 3420 atque
1121 3342 1201 3400 ita
1241 3341 1555 3421 quieveriS,
1604 3338 1952 3399 mirabiliter
1990 3356 2230 3399 carnem

385 3482 417 3530 2
472 3474 836 3545 permiscebit!
891 3475 1227 3546 Stephanus.-
1288 3474 1610 3557 permisces.
1858 3479 1890 3528 5
1946 3473 2228 3556 saturiciO.

204 3554 271 3603 12
312 3546 756 3603 haemorhoides.
906 3551 970 3601 15
1007 3545 1514 3603 verecondlonbus.
1627 3550 1691 3598 19
1729 3544 1873 3600 leva.
1983 3542 2228 3615 lapides]

198 3619 289 3674 ita
322 3617 499 3688 pides,
646 3623 716 3673 30
753 3618 1020 3689 adponas.
