2575 4092
1104 233 1583 299 -186—

226 408 294 459 69
333 399 709 478 continuum,
765 398 816 456 si
871 398 952 457 ita
1008 413 1253 457 necesse
1315 396 1520 476 fuerit,
1584 397 1788 456 uteris,
1881 394 2091 457 Pulmo
2148 395 2356 456 ovillus

332 504 509 565 quam
556 486 1004 545 recentissimus
1049 485 1354 564 protinuS‚
1402 483 1541 545 dum
1582 484 1774 545 adhuc
1817 492 2009 565 tepet,
2054 484 2356 563 adpositus

226 587 297 637 6ο
332 577 615 634 continuo
671 574 917 635 discutit
976 580 1037 633 et
1103 580 1394 651 expurgat
1457 573 1692 634 livores,
1780 572 1917 633 Alni
1981 572 2120 633 folia
2183 590 2356 651 quam

331 663 585 743 plurima
624 670 683 723 et
713 664 973 722 recentia
1004 665 1406 741 superinpone
1436 669 1497 722 et
1525 661 1714 743 alliga,
1744 660 2078 723 medeberis
2113 664 2357 742 tumori;

330 750 575 812 livorem
624 769 763 811 vero
810 753 987 811 etiam
1034 768 1198 829 eum,
1254 752 1359 829 qui
1409 750 1483 810 de
1532 753 1818 830 sanguine
1866 749 2152 812 collectus
2199 750 2354 811 vide·
2383 768 2410 809 5

229 852 293 901 61
334 839 521 920 bitur,
567 839 757 900 tolles.
838 838 1218 900 Absinthium
1267 840 1476 900 tritum
1525 847 1587 899 et
1631 858 1768 900 cum
1816 839 1987 899 melle
2034 839 2358 917 diligentis-

333 931 480 989 sime
535 928 849 989 suhactum
906 928 1269 1005 malagmatis
1326 928 1503 988 modo
1559 930 1902 1006 impositum
1966 926 2182 989 livores
2244 931 2358 989 cito

224 1029 296 1079 62
334 1020 568 1079 eximet.
648 1016 846 1077 Vitelli
892 1035 1140 1077 ovorum
1184 1019 1562 1078 incentorum
1608 1019 1886 1096 coagitati
1932 1024 1992 1077 et
2028 1015 2183 1077 inliti
2220 1016 2358 1076 livo-

332 1124 448 1188 reS‚
497 1108 602 1185 qui
647 1124 719 1167 ex
757 1116 990 1166 tumore
1028 1114 1131 1167 aut
1167 1105 1494 1167 conlisione
1532 1105 1729 1185 aliqua
1766 1106 1908 1166 facti
1947 1114 2142 1187 erunt,
2181 1107 2359 1166 etiam

332 1201 565 1255 veteres
611 1201 948 1257 extenuant.
2385 1212 2441 1252 10

227 1295 292 1345 63
510 1282 598 1344 Ad
644 1281 961 1360 lentigines
1003 1282 1076 1342 de
1114 1283 1263 1344 facie
1301 1283 1590 1344 tollendas
1625 1281 1969 1344 lenticulam
2004 1300 2141 1344 cum
2180 1281 2358 1343 scobe

333 1373 500 1432 tenui
556 1372 629 1432 de
675 1382 867 1432 ‘corno
925 1373 1166 1432 cervino
1233 1380 1294 1432 et
1358 1390 1563 1432 sevum
1629 1374 1932 1433 cervinum
1993 1374 2218 1452 pariter
2273 1371 2358 1432 di-

329 1460 490 1542 vide,
556 1479 746 1540 coque
803 1468 864 1521 et
917 1469 1045 1521 tere
1103 1470 1279 1540 atque
1347 1461 1482 1521 inde
1548 1461 1760 1521 faciem
1815 1459 1907 1520 vel
1961 1467 2097 1521 ante
2151 1458 2361 1520 horam

329 1549 528 1611 balnei
574 1548 664 1610 vel
709 1551 887 1611 etiam
933 1552 997 1610 in
1035 1548 1245 1610 balneo
1282 1549 1631 1628 frequenter
1666 1548 1919 1629 infinito,
1965 1551 2048 1610 ita
2083 1558 2152 1609 ut
2191 1552 2361 1629 quasi

329 1657 439 1718 pro
495 1657 645 1718 pane
700 1638 865 1699 molli
921 1639 1134 1719 utaris3
1191 1639 1669 1699 efficacissimum
1717 1638 2216 1699 medicamentum
2262 1656 2359 1698 ex·
2388 1654 2443 1697 15

332 1730 610 1808 perieriS‚
676 1727 781 1788 sed
846 1727 1160 1789 lenticulae
1216 1729 1405 1788 maior
1463 1745 1601 1807 pars
1664 1729 1767 1809 sit,
1833 1745 2054 1788 cornus
2121 1736 2181 1788 et
2237 1729 2361 1788 sevi

332 1816 592 1896 aequalis
638 1834 934 1878 mensura.

223 1916 294 1966 64
509 1904 767 1967 Herbam
814 1905 1244 1986 verrucariam,
1299 1904 1359 1965 id
1416 1912 1508 1965 est
1551 1903 2000 1986 heliotropium,
2049 1913 2363 1965 contusam

331 2004 391 2055 et
445 1994 749 2055 subactam
807 1994 1034 2055 adiecta
1090 1993 1229 2053 salis
1284 1995 1436 2054 mica
1503 1993 1950 2072 adpositamque
2006 1993 2363 2054 malandrio·

331 2086 414 2143 sis
471 2081 563 2142 vel
617 2082 740 2162 his,
799 2084 903 2161 qui
955 2100 1237 2143 verrucas
1302 2084 1635 2162 patiuntur,
1692 2082 1976 2161 prodesse
2031 2082 2366 2160 plurimum
2394 2100 2454 2140 zo

224 2182 292 2232 65
332 2178 579 2232 constat.
654 2170 1052 2230 Verrucarum
1090 2188 1311 2248 genera
1348 2173 1543 2231 omnia
1580 2171 1706 2231 fimi
1741 2174 1937 2232 canini
1976 2173 2171 2232 exusti
2209 2173 2367 2232 cinis

332 2267 502 2320 curat
546 2260 889 2340 impositus3
936 2261 1109 2318 urina
1157 2277 1395 2339 quoque
1434 2261 1599 2320 canis
1646 2277 1782 2321 cum
1821 2279 1928 2321 suo
1966 2261 2199 2321 recenti
2233 2259 2367 2322 luto

224 2359 292 2408 66
330 2347 494 2408 inlita
543 2347 866 2426 plurimum
911 2347 1173 2426 prodest.
1253 2347 1508 2427 Sanguis
1556 2367 1766 2409 recens
1812 2351 2001 2410 muris
2046 2350 2232 2410 occisi
2270 2348 2372 2410 vel

330 2439 458 2516 ipse
506 2455 639 2496 mus
687 2436 910 2497 divisus
957 2444 1133 2515 atque
1176 2437 1484 2517 adpositus
1522 2445 1691 2498 sanat
1727 2444 1789 2498 et
1825 2437 2022 2498 abolet
2057 2455 2368 2499 verrucas,

222 2537 292 2586 67
333 2525 538 2586 Fimus
584 2524 793 2586 ovillus
841 2543 1052 2587 recens
1098 2524 1373 2586 manibus
1421 2525 1702 2587 subactus
1750 2534 1810 2587 et
1849 2526 2153 2607 emplastri
2190 2545 2369 2588 more
2399 2543 2457 2586 25

331 2613 636 2692 adpositus
683 2614 953 2692 deterget
1001 2633 1295 2675 verrucas

219 2713 291 2763 68
507 2703 594 2763 Ad
636 2701 930 2763 lichenem
967 2702 1133 2763 fabae
1172 2704 1395 2764 farinae
1433 2706 1669 2765 unciam
1706 2704 1750 2785 Ι,
1788 2704 1946 2765 faeni
1985 2705 2186 2784 graeci
2224 2704 2374 2766 fari·
2559 2734 2560 2813 1

330 2809 440 2851 nae
498 2793 732 2852 unciam
779 2790 832 2867 Ι,
891 2793 1150 2853 samsuci
1203 2795 1440 2852 unciam
1487 2792 1539 2873 Ι,
1596 2793 1817 2854 farinae
1864 2793 2074 2854 hordei
2119 2796 2377 2855 unciam

330 2898 526 2961 unam,
566 2879 897 2960 aphronitri
925 2882 1163 2941 unciam
1193 2880 1252 2961 S,
1288 2880 1593 2960 sulphuris
1623 2884 1859 2942 unciam
1891 2881 1950 2963 S,
1978 2883 2103 2942 ervi
2132 2881 2373 2944 farinae

329 2970 563 3028 unciam
616 2968 673 3029 S.
756 2967 915 3029 Haec
971 2971 1166 3030 omnia
1216 2971 1279 3029 in
1325 2969 1607 3048 pollinem
1653 2973 2072 3031 tenuissimum
2118 2971 2379 3034 redacta
2405 2988 2463 3030 so

331 3064 496 3117 aceto
545 3056 785 3135 colliges
833 3066 892 3118 et
938 3057 1327 3139 permiscebis
1373 3066 1434 3119 et
1478 3061 1562 3119 ita
1606 3058 1827 3120 licheni
1872 3058 2151 3138 adpones,
