2575 4092
986 287 1460 352 -129—

215 452 426 531 Cyperi
477 485 551 495 —
594 450 667 530 11,
712 449 852 511 salis
898 453 1252 513 ammoniaci
1293 485 1369 496 —
1403 451 1472 533 ΙΙ,
1518 454 1774 532 pumicis
1814 485 1899 497 —
1935 451 2032 534 111,
2077 469 2231 513 mar·

215 543 393 603 moris
440 539 676 601 candidi
718 572 794 584 —
836 538 941 619 111,
988 540 1468 602 schoenoanthus
1508 574 1586 585 —
1627 541 1761 621 1111,
1806 542 1999 603 casiae
2041 573 2119 586 —-
2159 541 2231 621 ΙΙ,

214 630 337 690 folii
382 662 469 673 —
505 627 559 710 Ι,
604 629 828 708 piperis
884 628 1001 689 albi
1044 663 1134 673 -—
1169 629 1221 711 1,
1277 629 1605 710 specularis
1659 632 1781 692 usti
1831 664 1906 675 —
1951 630 2001 711 Ι,
2061 633 2231 692 corni

214 720 437 780 cervini
482 719 605 778 usti
651 750 732 760 —
772 717 818 799 Ι,
869 720 1055 779 ostrei
1099 726 1391 780 testarum
1437 727 1708 780 ustarum
1744 720 1907 799 -Ι,
1954 720 2230 781 aluminis

160 827 187 868 5
214 809 386 868 scissi
426 840 501 851 —
535 806 579 887 Ι,
626 808 889 867 masticis
927 840 1011 850 —
1041 806 1085 887 Ι,
1130 809 1284 869 turis
1332 810 1541 886 optimi
1585 840 1675 853 —
1709 807 1754 889 Ι,
1803 826 2034 888 myrrae
2072 840 2154 852 —
2185 808 2229 869 Ι.

213 896 428 956 Tunsis
457 894 840 974 criblatisque
870 895 963 956 his
992 896 1269 958 omnibus
1302 905 1363 957 et
1389 900 1451 957 in
1479 897 1783 977 pulverem
1813 899 2230 959 tenuissimum

212 985 468 1046 redactis
515 993 691 1063 atque
737 986 1047 1063 permixtis
1085 986 1158 1046 ad
1194 985 1661 1047 incolumitatem
1700 994 1762 1047 et
1797 987 2051 1047 nitorem
2090 986 2229 1047 den-

211 1075 360 1135 tium
406 1075 614 1134 uteris,
697 1071 923 1134 Pernae
970 1074 1258 1136 serotinae
1307 1092 1392 1157 os,
1440 1075 1599 1155 quod
1646 1082 1738 1136 est
1783 1074 2228 1155 amplissimum,
2271 1090 2338 1139 13

211 1162 584 1223 combustum
615 1163 944 1241 tritumque
973 1164 1262 1242 optimum
1294 1171 1356 1224 et
1374 1163 1610 1225 salubre
1631 1163 2032 1225 dentifricium
2061 1181 2229 1242 prae·

133 1273 183 1312 ιο
210 1260 353 1332 stat3
390 1252 654 1330 gingivas
691 1252 851 1310 enim
889 1253 1073 1312 siccat
1104 1260 1164 1312 et
1201 1252 1517 1332 adstringit
1545 1253 1872 1332 dentesque
1901 1251 1973 1313 ab
2002 1253 2231 1313 umoris

209 1342 427 1401 iniuria
474 1348 534 1400 et
579 1347 812 1400 tumore
860 1340 1138 1402 defendit.
1212 1340 1462 1421 Cybium
1506 1343 1795 1422 optimum
1842 1360 1910 1403 ac
1956 1342 2230 1402 vetustis·
2270 1355 2339 1404 14

209 1433 426 1490 simum
483 1427 630 1489 ollae
684 1427 913 1489 inditur
968 1448 1156 1508 eaque
1212 1421 1416 1507 argilla
1463 1430 1901 1491 circumlinitur
1948 1438 2006 1491 et
2051 1430 2228 1491 furno

207 1518 442 1579 ardenti
486 1516 763 1598 obicitur,
810 1526 878 1578 ut
923 1519 996 1578 ad
1042 1522 1305 1579 cinerem
1353 1518 1589 1598 cybium
1636 1527 2030 1600 excoquatur3
2084 1526 2230 1579 tunc

205 1607 437 1669 adiecto
483 1604 657 1666 Pario
703 1605 897 1685 lapide
944 1615 1195 1668 contuso
1244 1607 1583 1669 salsamenti
1630 1625 1810 1685 supra
1857 1606 2002 1668 dicti
2037 1605 2231 1667 favilla

131 1715 180 1756 15
207 1697 558 1757 conteritur.
632 1695 759 1755 Hoc
806 1695 1212 1756 dentifricium
1258 1699 1340 1756 ita
1385 1696 1610 1757 bonum
1656 1705 1765 1777 est,
1813 1705 1880 1756 ut
1925 1696 1996 1756 ad
2045 1697 2230 1756 inani-

205 1793 391 1846 tatem
446 1783 655 1844 dentes
710 1802 829 1844 nou
886 1786 1040 1845 sinat
1093 1787 1423 1863 pervenire.
1514 1784 1776 1846 Masticis
1838 1817 1913 1827 —
1968 1783 2020 1865 Ι,
2076 1785 2230 1845 turis
2273 1798 2339 1848 15

205 1875 419 1954 optimi
471 1906 542 1916 —
587 1871 639 1954 I,
685 1890 917 1952 myrrae
971 1906 1045 1917 —-
1088 1873 1142 1953 Ι,
1189 1873 1318 1934 folii
1363 1907 1447 1917 —-
1486 1873 1538 1954 Ι,
1584 1876 1691 1934 iris
1737 1872 2003 1952 Illyricae
2052 1906 2136 1916 —
2184 1873 2226 1953 Ι,

206 1965 400 2023 casiae
454 1994 529 2004 —-
570 1961 614 2043 Ι,
663 1970 790 2021 tere
837 1961 981 2023 haec
1029 1961 1347 2041 diligenter
1392 1972 1569 2042 atque
1611 1964 1906 2042 permisce
1944 1968 2005 2022 et
2042 1962 2231 2022 denti·

204 2052 448 2113 fricium
493 2050 689 2131 facito,
738 2051 895 2129 quod
943 2051 1255 2112 mirabere.
1337 2051 1520 2112 Nardi
1567 2053 1765 2131 spicae
1801 2083 1890 2095 —-
1925 2049 1969 2131 Ι,
2017 2051 2232 2111 amomi
2271 2065 2339 2115 16

124 2159 177 2198 20
210 2174 287 2184 —
323 2139 366 2221 1,
403 2140 628 2218 piperis
664 2171 739 2182 -—
772 2138 814 2218 Ι,
862 2139 954 2200 his
996 2141 1191 2201 tunsis
1229 2139 1613 2220 criblatisque
1652 2140 1725 2201 ad
1763 2138 2231 2200 incolumitatem

204 2229 477 2290 dentium
524 2228 811 2288 utendum
859 2246 992 2289 esse
1039 2228 1111 2289 de
1160 2232 1582 2307 experimentis
1630 2228 1963 2290 suademus,

387 2316 750 2396 Compositio
806 2317 1153 2397 dentifricii‚
1211 2336 1388 2396 quam
1436 2319 1734 2379 Artemius
1782 2318 1987 2378 Dianio
2035 2325 2229 2378 osten·
2271 2331 2336 2380 17

203 2408 321 2486 dit,
370 2414 579 2467 contra
626 2405 893 2466 dentium
943 2406 1279 2467 stridorem.
1372 2405 1591 2467 Panem
1637 2407 1954 2469 candidum
2002 2408 2228 2467 siccum

203 2502 536 2575 vetustum,
594 2496 698 2573 qui
744 2497 860 2555 teri
904 2497 1121 2576 possit,
1176 2495 1386 2576 salem,
1441 2498 1639 2577 piper,
1695 2495 1928 2575 folium,
1981 2503 2230 2572 costum,

119 2602 173 2644 25
203 2602 459 2645 cornum
508 2584 832 2664 cervinum,
880 2583 1024 2643 haec
1071 2587 1277 2663 aequis
1323 2583 1689 2663 ponderibus
1735 2593 1896 2644 teres
1938 2583 2009 2643 ad
2048 2585 2229 2643 maxi·

198 2692 363 2734 mam
419 2672 714 2733 levitatem
772 2680 832 2733 et
887 2671 1104 2733 cotidie
1153 2673 1290 2733 inde
1338 2673 1546 2733 dentes
1593 2671 1856 2753 curabis,
1908 2689 2027 2752 quo
2073 2672 2229 2733 facto

199 2761 525 2823 stridorem
565 2779 774 2822 eorum
811 2780 1047 2822 omnem
1085 2780 1474 2842 umoremque
1514 2760 1789 2842 depelles.
1845 2760 1932 2821 Ad
1971 2759 2228 2821 colorem
2272 2771 2339 2822 18

200 2850 463 2912 nitidum
510 2850 745 2911 reducit
791 2850 998 2911 dentes
1045 2851 1270 2911 nitrum
1319 2869 1454 2911 cum
1498 2868 1679 2931 porro
1721 2848 1859 2911 rudi
1896 2856 2132 2910 coctum
2170 2857 2232 2910 et

198 2958 316 3019 pro
379 2940 716 3000 dentifricio
781 2947 1103 3018 sumptum.
1194 2939 1281 2999 Ad
1347 2939 1556 2999 dentes
1622 2940 1825 3017 nigros
1889 2937 2229 3017 purgandos
2271 2950 2336 2998 19

113 3047 169 3087 so
197 3047 423 3109 panem
477 3028 796 3089 candidum
850 3036 912 3088 et
963 3030 1261 3108 pumicem
1321 3030 1451 3108 pari
1509 3028 1771 3107 pondere
1828 3026 2111 3088 combure
2172 3034 2232 3087 et

196 3127 336 3199 tere
383 3125 561 3196 atque
610 3117 855 3178 adsidue
911 3118 1025 3178 boc
1081 3117 1420 3178 dentifricio
1477 3124 1663 3178 utere.
1757 3115 1840 3177 De
1897 3117 2231 3195 saepiarum
2267 3127 2339 3176 2ο

199 3205 446 3267 ossibus
484 3205 642 3285 quod
681 3214 773 3267 est
810 3205 984 3267 molle
1027 3239 1102 3250 -—
1135 3205 1260 3288 1111,
1303 3205 1441 3266 salis
1479 3207 1827 3266 ammoniaci
1860 3238 1937 3248 -
1968 3204 2040 3285 ΙΙ,
2078 3223 2229 3265 mar-

197 3296 393 3355 moris
442 3293 678 3356 candidi
728 3328 804 3337 —
850 3293 929 3375 11,
977 3294 1455 3356 schoenoanthus
1505 3328 1581 3338 -
1626 3293 1761 3376 ΙΙΙΙ,
1806 3296 1998 3355 casiae
2041 3325 2116 3336 —
2160 3292 2233 3365 ΙΙ,

199 3383 334 3444 folii
361 3417 451 3426 ——
478 3382 522 3464 Ι,
558 3385 783 3463 piperis
819 3382 937 3444 albi
966 3386 1349 3464 semunciam,
1384 3383 1603 3444 herbae
1641 3383 1982 3463 cyclaminis
2020 3399 2231 3442 sucum

353 3526 386 3574 2
427 3518 821 3589 scynoanthos.
933 3525 965 3574 ‘1
1001 3518 1466 3587 incolomitatem,
1502 3519 1629 3573 item
1665 3524 1751 3574 20.
1860 3522 1928 3570 10
1963 3513 2229 3568 humoris.

203 3595 274 3645 15
314 3591 405 3663 nt]
445 3595 519 3646 et.
630 3596 699 3644 21
737 3590 1007 3644 utendum
1042 3606 1164 3645 esse
1201 3606 1305 3646 om.
1396 3595 1463 3643 22
1500 3588 1699 3644 Diano.
1817 3593 1886 3642 23
1924 3586 2235 3654 canditum,

197 3664 337 3719 item
372 3669 457 3719 30.
604 3667 674 3716 33
712 3661 1065 3729 scynoathos.
1210 3666 1281 3715 34
1318 3658 1644 3715 ciclaminis.

312 3761 634 3814 Mucznnus,
659 3770 738 3802 nn.
764 3761 1073 3802 Ennnmucn.
1882 3750 1914 3799 9
