2575 4092
233 409 299 458 25

226 1296 293 1345 26

224 1563 291 1611 27

218 2184 286 2232 28

217 2362 283 2410 29

215 2541 284 2589 30

213 2719 279 2766 31

212 2984 279 3032 32

1116 272 1193 281 --
1298 238 1424 301 174
1516 274 1599 281 -—

517 399 682 460 Alter
719 399 991 477 pastillus
1020 399 1091 459 ad
1123 401 1430 478 sanguinis
1461 401 1835 478 eruptionem
1864 399 2114 460 mirifice
2144 400 2373 460 faciens

340 490 555 566 accipit
602 488 770 550 haec:
840 488 1231 566 Tragacanthi
1279 487 1330 547 X
1381 487 1560 568 VIIII,
1614 487 1843 548 Samiae
1900 496 2097 549 cretae
2151 487 2201 547 X
2249 487 2371 569 Vll,

337 584 508 638 rutae
556 575 835 638 Ponticae
883 576 935 636 X
974 575 1152 657 VIIII,
1214 577 1615 657 glycyrrhizae
1672 579 1802 638 suci
1847 576 1899 637 X
1935 575 2009 656 V,
2069 577 2371 657 symphyti

339 668 469 727 suci
516 665 567 725 X
605 665 724 746 VII,
772 668 1028 745 gummis
1076 665 1126 725 X
1164 665 1290 746 1111,
1335 666 1740 746 hypocistidos
1789 669 1919 727 suci
1956 665 2006 725 X
2044 664 2165 746 VII,
2211 669 2370 727 turis

337 754 388 814 X
425 752 500 835 V,
556 754 833 816 aluminis
887 755 1101 834 liquidi
1145 754 1197 814 X
1234 753 1309 835 V,
1365 757 1488 833 opii
1534 755 1586 814 X
1625 753 1687 835 V,
1742 755 1917 834 amyli
1964 754 2015 814 X
2052 754 2153 836 VI,
2211 774 2370 836 myr-
2397 773 2424 815 ⁵

334 861 435 903 rae
491 842 543 902 X
589 843 662 925 V,
719 846 882 905 croci
937 843 989 903 X
1034 842 1162 924 VH,
1225 843 1582 923 plantaginis
1640 846 1771 906 suci
1825 844 1876 904 X
1934 842 2016 904 111
2079 851 2141 907 et
2203 847 2368 924 passi

333 931 568 1012 Myconi
616 933 774 1012 quod
823 934 967 994 satis
1013 934 1132 992 erit
1177 935 1337 993 tritis
1380 932 1697 1011 diligenter
1736 951 1915 1013 supra
1954 934 2195 1011 scriptis
2233 950 2366 1011 spe·

334 1021 542 1083 ciebus
589 1015 958 1101 miscebitur,
1006 1022 1150 1081 fient
1196 1021 1415 1101 pastilli
1462 1021 1533 1081 ad
1572 1022 1847 1082 denarios
1887 1021 2154 1100 singulos
2192 1030 2254 1081 et
2291 1022 2364 1083 ad

333 1111 632 1189 semisseS,
680 1113 783 1189 qui
828 1128 937 1189 pro
986 1117 1175 1170 aetate
1213 1118 1317 1170 aut
1354 1110 1582 1171 viribus
1620 1112 1842 1171 infirmi
1878 1129 1951 1170 ex
1990 1128 2176 1189 aquae
2214 1113 2365 1189 tepi-

333 1198 440 1258 dae
488 1199 721 1278 cyathis
760 1198 955 1260 tribus
1001 1200 1202 1259 ieiuno
1251 1198 1568 1260 dabuntur.
2395 1220 2451 1259 10

481 1287 598 1347 Ad
646 1289 1033 1348 reiectionem
1080 1289 1386 1367 sanguinis
1443 1307 1514 1348 ex
1570 1305 1674 1349 ore
1724 1289 2019 1348 manantis
2067 1287 2367 1368 symphyti

332 1375 500 1435 radix
556 1378 620 1436 in
673 1378 809 1436 vino
866 1376 1112 1437 decocta
1159 1377 1481 1437 salubriter
1531 1376 1783 1457 bibitur,
1837 1374 2077 1455 ligustri
2122 1394 2365 1456 quoque

331 1482 542 1525 sucum
598 1466 798 1526 ieiuno
845 1484 954 1545 per
1009 1466 1277 1527 triduum
1335 1465 1497 1546 dato,
1554 1467 1753 1527 statim
1811 1463 2154 1546 subvenies3
2209 1484 2363 1544 quae

330 1571 429 1613 res
476 1561 537 1613 et
581 1556 926 1615 torminosis
973 1563 1034 1616 et
1081 1555 1458 1635 dysintericis
1504 1563 1597 1615 est
1643 1552 1915 1614 salubriS.
1982 1552 2047 1613 Si
2094 1571 2165 1614 ex
2212 1573 2360 1633 quo-

331 1661 586 1722 cumque
651 1646 921 1723 corporis
986 1645 1116 1704 loco
1181 1645 1422 1723 sanguis
1476 1661 1586 1722 per
1641 1643 2060 1704 abundantiam
2116 1644 2359 1704 nimiam
2390 1663 2447 1705 15

329 1731 616 1793 exuberet
655 1740 715 1793 et
752 1732 914 1814 fluat,
956 1731 1176 1793 herbae
1215 1731 1468 1792 Sabinae
1508 1750 1707 1813 sucuS,
1746 1739 2002 1810 quantus
2041 1730 2359 1813 videbitur,

329 1821 452 1880 sive
508 1821 714 1881 viridis
771 1824 893 1882 sive
952 1824 1144 1882 siccae
1205 1823 1495 1882 contritae
1557 1839 1629 1898 ex
1694 1823 1829 1881 vino
1893 1821 2090 1898 picato
2158 1830 2360 1883 vetere

327 1911 551 1987 optimo
606 1912 807 1970 ieiuno
863 1929 973 1991 per
1036 1910 1306 1971 triduum
1370 1909 1633 1990 dabitur,
1700 1909 1931 1969 sanabit
1983 1909 2131 1969 haec
2190 1913 2358 1988 potio

325 2001 502 2058 etiam
550 2000 613 2058 in
658 2001 812 2059 vitae
860 2000 1203 2060 discrimine
1252 2001 1660 2059 constitutum.
1736 1997 1903 2059 Facit
1949 2005 2148 2059 autem
2185 2007 2246 2059 et
2283 1999 2357 2059 ad

326 2086 547 2147 colicos
605 2094 665 2146 et
720 2087 793 2146 ad
853 2087 1272 2168 dysintericoS,
1331 2086 1550 2165 quibus
1606 2095 1803 2148 tamen
1861 2086 2104 2148 decocta
2160 2087 2357 2149 datur.
2387 2109 2449 2149 ao

325 2173 439 2244 Qui
486 2174 685 2236 subito
733 2177 1039 2253 sanguinis
1084 2177 1310 2236 vomitu
1359 2176 1614 2258 laborat,
1670 2174 1978 2237 corallium
2033 2184 2359 2237 contusum

324 2271 385 2322 et
440 2263 501 2322 in
559 2263 864 2342 pulverem
920 2264 1228 2325 redactum
1284 2283 1355 2324 ex
1411 2267 1651 2344 potione
1699 2266 1882 2326 mixta
1929 2264 2117 2325 calida
2171 2264 2359 2327 bibat.

500 2351 590 2412 Ad
637 2353 921 2414 vomitum
977 2354 1228 2415 nimium
1279 2353 1728 2431 reprimendum
1775 2351 2038 2432 sulpuris
2083 2355 2200 2414 vivi
2247 2373 2359 2435 pu-

323 2440 519 2501 sillum
568 2448 629 2500 et
673 2459 946 2502 rasamen
993 2443 1066 2503 de
1114 2460 1304 2504 cornu
1352 2444 1512 2503 cervi
1557 2442 1910 2503 tantundem
1964 2444 2027 2503 in
2073 2460 2183 2502 ovo
2228 2461 2358 2503 sor-

321 2529 428 2590 bili
473 2531 681 2591 tritum
731 2539 789 2592 et
835 2534 1193 2610 permixtum
1241 2529 1368 2591 bibi
1414 2531 1558 2591 utile
1607 2538 1714 2592 est.
1807 2530 1940 2610 His,
1999 2532 2103 2611 qui
2148 2531 2355 2592 cibum
2384 2551 2445 2592 25

321 2636 442 2678 non
490 2621 816 2702 continent,
864 2620 1022 2681 aloes
1069 2622 1381 2681 minimum
1429 2638 1567 2681 cum
1603 2620 1818 2699 frigida
1856 2638 2007 2698 aqua
2042 2622 2214 2698 potui
2252 2621 2357 2681 da-

320 2716 448 2767 tum
495 2707 816 2786 plurimum
865 2709 1127 2789 prodest.
1193 2708 1598 2770 Personaceae
1637 2707 1857 2770 herbae
1895 2708 2060 2769 radix
2099 2718 2357 2771 contusa

319 2795 549 2856 adiecto
597 2797 830 2857 modico
879 2796 999 2858 sale
1048 2806 1108 2858 et
1151 2799 1287 2857 vino
1335 2815 1539 2876 sparsa
1596 2805 1655 2857 et
1711 2797 1954 2859 cottidie
2000 2816 2216 2858 recens
2261 2800 2355 2860 in·

318 2886 509 2963 posita
558 2904 739 2963 super
785 2893 1081 2947 tumorem
1129 2886 1417 2947 stomachi
1462 2888 1722 2948 vomicas
1770 2904 1976 2948 omnes
2022 2904 2133 2966 per
2170 2887 2354 2948 sudo-

319 2991 445 3033 rem
494 2976 1015 3054 emanationesque
1064 2974 1327 3036 occultas
1372 2983 1649 3054 potenter
1696 2983 2003 3054 expurgat.
2074 2975 2350 3038 Mandra·
2381 2997 2445 3038 so

317 3079 494 3139 gorae
541 3062 719 3142 drag,
764 3063 1103 3143 hyoscyami
1148 3064 1517 3144 tantundem,
1564 3067 1921 3143 opopanacis
1960 3064 2136 3146 idem,
2184 3069 2353 3127 croci

319 3148 504 3211 Siculi
560 3151 935 3232 tantundem,
999 3171 1231 3232 myrrae
1290 3161 1480 3235 atque
1524 3154 1677 3214 turis
1734 3153 2032 3235 similiter,
2088 3156 2354 3232 gummis

494 3327 527 3375 3
566 3321 655 3392 ely
659 3322 887 3377 cerizae.
1071 3341 1189 3406 sym
1237 3323 1360 3381 biti.
1543 3330 1574 3378 5
1610 3325 1774 3379 verba
1822 3322 1941 3394 opii
1975 3322 2029 3378 X
2055 3322 2124 3393 V,
2172 3326 2353 3396 amyli

313 3390 366 3445 X
393 3391 490 3460 VI,
529 3410 748 3462 myrrae
785 3392 838 3447 X
868 3395 934 3463 V,
973 3397 1121 3448 croci
1237 3395 1343 3450 VII
1380 3412 1481 3450 om.
1655 3401 1684 3450 7
1722 3395 1943 3450 miconi.
2110 3366 2146 3451 8
2186 3397 2350 3453 fiant.

315 3469 381 3517 11
420 3464 709 3534 symphiti.
886 3471 952 3519 14
990 3466 1356 3521 disentericis.
1521 3472 1589 3521 20
1627 3465 2000 3522 disinterioos.
2147 3472 2219 3522 24
2256 3484 2350 3524 ra-

315 3535 533 3606 samen]
571 3536 814 3591 ramenti
855 3536 1174 3593 Corum-ius,
1285 3542 1355 3592 25
1395 3539 1483 3592 est
1508 3543 1637 3608 post
1672 3537 1812 3592 utile
1850 3553 1950 3594 om.
2053 3543 2121 3593 26
2159 3541 2347 3609 putui.

313 3610 380 3658 31
418 3604 745 3674 hyosciami.
