2575 4092
1099 214 1572 281 -286—

323 376 518 438 voluta
562 394 758 455 panno
806 375 989 438 rubro
1035 383 1268 456 portata
1314 374 1388 437 ab
1436 395 1532 457 eo,
1579 379 1679 438 cui
1725 378 1986 439 remedio
2034 396 2185 458 opus
2234 388 2354 461 est,

212 477 280 527 88
317 465 676 545 profluvium
722 467 950 526 ventris
996 467 1126 526 eius
1171 463 1481 526 inhibebit.
1572 465 1753 527 Betae
1798 467 2125 528 conbustae
2172 476 2236 529 et
2284 470 2352 529 in

317 554 624 633 pulverem
669 553 945 615 redactae
992 561 1169 634 atque
1217 552 1497 615 subactae
1544 573 1679 616 cum
1723 563 1890 616 aceto
1928 563 1989 617 et
2026 574 2060 615 a
2095 564 2350 635 pectore

317 642 640 704 laborantis
694 645 1008 721 inguinum
1062 650 1237 704 tenus
1292 642 1493 704 inlitae
1551 642 1906 705 validissime
1961 645 2351 723 adstringunt

210 744 278 794 89
314 732 671 812 profluvium
699 731 1209 812 deiectionemque
1237 733 1478 792 ventris.
1538 730 1659 793 Ros
1687 734 1982 794 marinum
2010 752 2147 794 cum
2176 743 2349 795 creta
2374 748 2404 788 5

316 819 478 881 molli
530 822 742 882 tritum
796 828 857 881 et
911 839 1047 881 cum
1102 828 1270 881 aceto
1324 821 1559 881 modico
1610 823 1807 881 ventri
1851 823 2179 901 inpositum
2227 823 2349 883 alvi

209 922 278 972 9ο
314 908 674 987 profluvium
729 911 904 970 sistit.
986 908 1144 970 Rubi
1199 911 1404 987 spinae
1459 908 1692 970 radices
1747 917 1808 970 et
1861 909 2099 971 coliculi
2144 914 2346 971 teneri

314 1017 452 1059 cum
507 1001 642 1059 vino
696 999 946 1058 Amineo
1001 1006 1239 1059 austero
1297 997 1370 1058 ad
1424 999 1631 1059 tertias
1688 999 2106 1078 decoquuntur
2158 1008 2345 1078 atque

316 1106 388 1148 ex
435 1106 506 1147 eo
551 1089 690 1148 vino
737 1086 982 1165 cyathus
1029 1087 1102 1147 ad
1149 1083 1309 1147 diem
1348 1088 1551 1148 ieiuno
1587 1089 1814 1148 ventris
1849 1086 2139 1168 profluvio
2176 1086 2343 1148 labo·

314 1177 471 1237 ranti
515 1177 686 1254 potui
731 1175 904 1235 datus
951 1177 1171 1253 optime
1218 1173 1572 1237 medebitur.
2370 1190 2431 1231 1⁰

207 1278 272 1325 91
491 1262 688 1324 Herba
735 1262 1115 1343 oxylapathos
1162 1282 1301 1324 cum
1348 1267 1573 1325 semine
1620 1283 1729 1325 suo
1776 1264 1939 1325 arida
1977 1266 2233 1326 contrita
2279 1274 2346 1326 et

314 1370 386 1411 ex
441 1353 578 1412 vino
635 1351 823 1412 calido
878 1361 1018 1431 pota
1061 1371 1342 1431 magnum
1388 1354 1852 1414 incontinentiae
1897 1355 2123 1414 ventris
2166 1372 2343 1432 prae-

206 1455 274 1502 92
314 1448 431 1502 stat
484 1441 831 1502 remedium.
913 1440 1102 1502 Pruni
1156 1441 1408 1502 silvatici
1457 1441 1632 1503 bacas
1679 1444 2083 1521 corticemque
2129 1460 2198 1503 ac
2242 1460 2341 1503 ra-

314 1530 507 1591 dicem
563 1532 693 1590 eius
741 1529 970 1590 arboris
1017 1532 1078 1590 in
1125 1549 1315 1591 unum
1360 1549 1432 1591 ex
1477 1533 1615 1591 vino
1663 1531 1733 1591 ad
1782 1532 1989 1592 tertias
2036 1530 2341 1611 decoques

312 1627 489 1698 atque
547 1637 620 1679 ex
675 1637 744 1679 eo
801 1619 1064 1697 singulos
1121 1619 1363 1698 cyathos
1418 1619 1491 1679 ad
1543 1620 1700 1680 diem
1746 1618 2094 1682 deiectionis
2137 1620 2340 1681 taedio
2368 1636 2427 1677 15

206 1717 274 1766 93
315 1705 609 1768 laboranti
662 1709 863 1768 ieiuno
919 1709 1088 1786 potui
1143 1707 1328 1768 dabis,
1410 1706 1524 1768 Iris
1577 1707 1833 1788 illyrica,
1888 1708 1949 1768 id
2006 1716 2095 1768 est
2144 1708 2339 1770 Mace-

313 1795 540 1875 donica,
589 1814 740 1875 quac
786 1796 969 1857 fuerit
1013 1797 1348 1875 gravissimi
1390 1796 1689 1877 ponderiS‚
1738 1796 2137 1858 contundatur
2176 1805 2235 1858 et
2272 1800 2341 1858 in

309 1882 617 1961 pulverem
653 1882 978 1946 cribratum
1024 1887 1559 1964 tenuissimumque
1596 1885 1901 1963 redigatur
1937 1893 2116 1965 atque
2153 1904 2226 1946 ex
2262 1904 2339 1946 eo

311 1990 592 2033 mensura
647 1972 925 2034 acitabuli
981 1976 1160 2034 unius
1216 1973 1508 2034 dimidiati
1561 1991 1697 2033 cum
1753 1976 1915 2052 passi
1970 1974 2158 2053 cotyla
2215 1993 2338 2035 una

309 2063 742 2138 permisceatur
798 2071 859 2121 et
903 2064 1234 2140 coagitetur
1280 2068 1458 2141 atque
1503 2061 1642 2122 inde
1690 2062 1957 2123 cocleare
2003 2081 2191 2124 unum
2234 2082 2336 2143 cy·
2366 2078 2425 2118 zo

309 2147 458 2208 liaco
514 2167 686 2210 mane
742 2151 942 2209 ieiuno
998 2148 1200 2229 detur,
1254 2153 1337 2212 ita
1392 2156 1460 2211 ut
1514 2157 1573 2210 et
1641 2169 1674 2209 a
1730 2169 1877 2211 cena
1933 2149 2336 2233 abstineatur3

309 2235 559 2295 mirifice
603 2237 888 2315 proderit.
2211 2289 2226 2300 ,

202 2334 272 2384 94
490 2322 554 2383 Si
606 2326 742 2404 quis
787 2326 1077 2385 tortiones
1124 2325 1323 2387 subito
1369 2328 1493 2405 pati
1540 2329 1807 2405 coeperit
1854 2328 1925 2388 de
1971 2330 2198 2389 ventris
2242 2331 2336 2389 ni-

308 2412 574 2493 mietate,
629 2412 812 2491 pedes
870 2431 1009 2474 suos
1065 2416 1127 2474 in
1171 2433 1324 2493 aqua
1370 2415 1726 2476 calidissima
1774 2434 1951 2495 quam
1996 2416 2334 2478 diutissime

307 2508 524 2579 teneat,
571 2503 771 2562 statim
817 2501 1138 2563 sanabitur.
2362 2520 2421 2561 25

201 2598 269 2648 95
487 2588 844 2667 Sanguinem
905 2610 1237 2672 caprunum
1292 2593 1345 2652 si
1395 2591 1669 2670 polentae
1724 2590 2057 2652 furfuribus
2102 2591 2336 2654 adiecta

306 2677 506 2737 resina
552 2679 865 2740 miscueris
912 2688 1088 2760 atque
1136 2679 1442 2759 emplastri
1486 2679 1661 2740 modo
1717 2697 1829 2739 ano
1875 2683 2185 2760 ventrique
2231 2681 2335 2741 ad-

304 2767 606 2847 posueriS‚
651 2768 887 2847 pondus
934 2787 1107 2829 omne
1154 2777 1215 2829 et
1257 2767 1565 2829 libidinem
1609 2768 1959 2829 deiectionis
2007 2769 2333 2830 efficaciter

303 2855 610 2931 reprimes,

198 2952 267 3002 96
481 2941 655 3004 Iecur
708 2946 1012 3004 verrinum
1068 2962 1279 3005 recens
1336 2944 1696 3005 conbustum
1751 2946 2194 3024 contritumque
2254 2946 2333 3006 ad
2359 2967 2418 3006 so

305 3045 598 3091 summam
650 3031 946 3092 levitatem
1002 3051 1139 3093 cum
1195 3034 1358 3112 vino,
1415 3033 1517 3093 sed
1567 3034 1695 3093 sine
1743 3032 1863 3093 sale
1907 3034 2078 3111 potui
2123 3034 2332 3095 datum

304 3115 625 3178 efficaciter
672 3118 1004 3198 subprimet
1048 3122 1287 3181 nimiam
1337 3121 1744 3182 deiectionem.

197 3218 263 3266 97
483 3204 730 3287 Leporis
768 3212 1007 3286 sanguis
1043 3227 1254 3269 recens
1294 3209 1539 3270 defusus
1577 3217 1636 3269 et
1673 3228 1812 3269 cum
1847 3209 2084 3288 polenta
2118 3218 2332 3272 coctus

196 3305 264 3355 98
304 3300 364 3352 et
419 3293 593 3356 datus
651 3296 1008 3376 dysinterico
1060 3296 1197 3356 ilico
1246 3300 1471 3358 ventris
1515 3298 1871 3377 profluvium
1920 3300 2107 3358 sistet.
2191 3298 2329 3359 Hir·

483 3504 510 3552 1
550 3500 732 3556 robro.
879 3506 946 3555 10
981 3502 1302 3557 medibitur.
1425 3509 1488 3557 11
1529 3504 1902 3574 oxilapathos.
2016 3509 2081 3558 16
2119 3502 2328 3561 ilirica.

302 3572 369 3620 19
408 3569 601 3623 acitali
638 3573 775 3640 (sic).
922 3571 1111 3628 cotila.
1255 3579 1325 3628 26
1361 3572 1792 3643 furfuribusque.
