2575 4092
1026 214 1466 278 ...41-

226 377 390 439 bitur
438 378 497 438 ei
542 394 714 437 rosae
762 383 822 437 et
867 377 1022 437 aceti
1069 375 1228 455 quod
1274 377 1419 438 satis
1466 377 1571 457 sit3
1620 375 1734 437 hoc
1779 377 1940 437 enim
1986 375 2257 437 mirabile

226 467 746 528 medicamentum.
825 463 1071 525 Cerebri
1117 463 1372 546 dolores,
1417 482 1489 526 ex
1536 464 1756 544 quibus
1801 467 1980 526 etiam
2028 464 2258 526 subitae
2295 477 2329 526 2

228 556 553 634 vertigines
590 555 884 632 oriuntur,
921 553 1224 635 discutieS,
1261 555 1316 613 si
1350 552 1547 633 planta
1577 552 1773 615 ulmea
1800 562 1980 633 caput
2008 556 2260 615 circum-

229 645 505 724 ligaveris
561 650 739 722 atque
796 643 878 702 ita
933 649 1255 703 coronatus
1304 642 1504 704 triduo
1552 642 1892 704 dormieris:
1948 650 2262 722 expertum

181 751 207 792 5
235 740 342 795 est.
418 731 666 793 Veteres
713 730 948 791 dolores
994 732 1207 810 capitis
1252 738 1313 792 et
1359 732 1683 810 vertigines
1729 732 1851 793 cito
1902 731 2262 813 emendabis,
2299 744 2332 793 3

234 824 287 883 si
331 820 505 881 betae
551 822 756 899 nigrae
802 837 946 880 suco
993 827 1263 899 tempora
1310 818 1597 901 perlinas3
1654 820 1810 881 idem
1868 828 2129 900 praestat
2173 822 2261 881 in·

233 910 344 971 tibi
392 927 592 989 sucuS,
638 911 689 968 si
727 926 864 969 cum
902 926 1147 970 rosaceo
1196 906 1326 968 oleo
1372 917 1435 969 et
1479 917 1648 970 aceto
1685 910 1908 971 mixtus
1948 911 2131 988 capiti
2175 911 2262 969 in·

234 999 472 1060 linatur.
554 996 642 1058 Ad
697 999 1052 1077 vertiginem
1107 996 1457 1058 abolendam
1512 997 1992 1059 efficacissimum
2037 1006 2155 1080 est,
2210 999 2264 1059 si
2298 1008 2333 1058 4

234 1086 590 1148 abrotonum
655 1087 864 1146 tritum
926 1087 991 1147 in
1046 1087 1169 1146 vini
1231 1087 1473 1166 potione
1538 1086 1805 1165 tepidum
1873 1085 2111 1149 bibatur
2174 1086 2266 1147 vel

154 1195 209 1236 ιο
237 1193 375 1237 cum
423 1173 676 1255 oxymeli
722 1192 842 1235 non
878 1176 1004 1236 acri
1040 1176 1384 1254 accipiatur.
1464 1174 1697 1247 Quibus
1742 1177 2067 1255 vertigines
2113 1175 2265 1237 fiunt
2301 1187 2336 1237 ὅ

235 1272 339 1326 aut
367 1262 586 1344 quibus
612 1280 783 1323 mens
812 1263 1260 1342 perturbatione
1291 1265 1502 1344 capitis
1534 1263 1844 1344 alienatur,
1882 1264 2115 1326 cocleae
2146 1267 2262 1325 sin·

237 1352 411 1432 gulae
458 1353 750 1413 contritae
793 1353 1051 1413 maiores
1096 1370 1235 1413 cum
1272 1354 1399 1414 suis
1436 1355 1608 1414 testis
1644 1370 1716 1414 ex
1755 1353 1942 1415 calida
1978 1354 2140 1433 passi
2176 1350 2267 1413 vel

237 1442 463 1503 defruti
507 1442 746 1519 potione
792 1439 961 1502 datae
1008 1440 1222 1502 diebus
1258 1440 1534 1521 plurimis
1572 1448 1842 1523 prosunt,
1889 1443 1942 1502 si
1986 1450 2122 1522 post
2159 1443 2264 1503 tri-

237 1532 423 1592 duum
460 1531 811 1590 continuum
846 1531 1266 1609 interpositum
1306 1531 1526 1591 iterum
1563 1529 1837 1610 plurimis
1875 1529 2088 1591 diebus
2116 1533 2265 1592 acci·

152 1638 207 1680 15
234 1622 494 1700 piantur.
566 1616 685 1688 Qui
712 1635 892 1679 unam
918 1618 1178 1679 cocleam
1206 1620 1492 1680 maiorem
1525 1621 1903 1680 semicoctam
1942 1619 2270 1680 comederit
2306 1632 2338 1681 6

237 1709 332 1769 die
380 1709 592 1788 primo,
639 1709 917 1785 sequenti
962 1707 1136 1783 duas,
1183 1709 1363 1768 tertio
1408 1715 1553 1788 tres,
1598 1717 1810 1786 quarto
1853 1706 2017 1788 duas,
2055 1709 2263 1787 quinto

236 1815 438 1876 unam,
485 1795 816 1857 remedium
855 1797 1197 1876 experietur
1247 1814 1371 1857 non
1408 1795 1600 1857 solum
1638 1796 1711 1857 ad
1748 1796 2119 1877 vertiginem,
2164 1795 2266 1856 sed

236 1888 417 1947 etiam
464 1884 537 1945 ad
586 1885 843 1962 suspiria
888 1892 949 1945 et
995 1887 1248 1946 vomitus
1296 1886 1558 1964 prodest.
1642 1884 2008 1963 vertiginem
2055 1885 2266 1963 capitis
2305 1896 2335 1945 7

237 1973 436 2035 abolet
493 1974 825 2034 vettonicae
890 1973 1210 2035 fasciculus
1264 1992 1403 2035 cum
1467 1992 1619 2053 aqua
1682 1973 1868 2035 nitida
1934 1973 2007 2034 ad
2062 1975 2269 2034 tertias

157 2081 214 2122 so
242 2069 526 2124 excoctus
573 2069 677 2123 aut
719 2063 841 2140 apii
884 2062 1091 2123 viridis
1137 2061 1459 2124 fasciculus
1505 2081 1644 2124 cum
1684 2071 1821 2124 ture
1858 2061 2133 2123 similiter
2171 2062 2269 2123 de·

237 2159 449 2213 coctus
495 2160 556 2212 et
603 2168 676 2211 ex
711 2150 901 2212 mulsa
941 2169 1089 2230 aqua
1129 2151 1327 2231 tepida
1365 2158 1620 2231 potatus.
1685 2151 2037 2231 Hyoscyami
2072 2169 2266 2213 ramu·
2304 2164 2338 2212 8

237 2239 474 2302 sculum
530 2240 593 2298 in
648 2255 835 2319 aquae
891 2241 1166 2301 sextariis
1224 2239 1420 2301 tribus
1476 2257 1668 2319 usque
1725 2240 1798 2300 ad
1844 2242 2052 2301 tertias
2099 2240 2269 2301 deco-

236 2347 390 2409 ques
446 2335 507 2388 et
564 2325 732 2388 dabis
788 2345 897 2407 per
947 2328 1215 2389 triduum
1258 2331 1431 2408 potui
1476 2330 1811 2409 quartarios
1857 2328 2124 2407 singulos
2170 2337 2273 2389 aut

238 2419 417 2479 etiam
468 2418 664 2477 minus
700 2433 810 2495 pro
850 2415 1197 2478 habitudine
1235 2417 1330 2478 vel
1366 2424 1556 2478 aetate
1594 2416 1687 2478 vel
1724 2435 1888 2478 sexu.
1958 2417 2269 2478 Trifolium
2307 2430 2339 2478 9

155 2521 210 2562 25
236 2505 508 2586 herbam,
546 2522 698 2584 quae
728 2503 948 2566 Gallice
985 2505 1207 2567 dicitur
1244 2508 1598 2587 visumarus,
1645 2523 1796 2585 aqua
1835 2505 2048 2584 frigida
2080 2523 2272 2566 mace·

236 2603 368 2657 rato
418 2602 480 2655 et
526 2611 655 2654 eam
702 2611 916 2674 aquam
963 2593 1173 2655 diebus
1221 2594 1427 2655 decem
1474 2593 1691 2676 bibito,
1746 2594 1852 2655 sed
1908 2601 1977 2655 ut
2027 2593 2271 2655 herbam

237 2683 459 2745 cotidie
506 2690 720 2745 muteS.
791 2681 943 2763 Misy
988 2681 1138 2743 libra
1188 2701 1303 2743 una
1350 2701 1488 2744 cum
1535 2690 1702 2744 aceto
1749 2684 1874 2745 acri
1919 2684 2175 2744 contrita
2212 2691 2273 2743 et
2312 2693 2379 2743 10

238 2773 428 2834 fronti
474 2770 642 2831 inlita
688 2770 1042 2832 mirabiliter
1091 2773 1441 2850 vertiginem
1488 2771 1672 2833 sedat.

1089 2910 1247 2973 CAP.
1295 2911 1419 2974 1111.

233 3006 560 3076 Pityriasi
604 3009 674 3061 et
719 3005 1040 3076 pon-igini
1084 3019 1164 3063 ac
1200 3007 1532 3077 prurigini
1567 3010 1777 3078 atque
1814 3007 2165 3064 ulceribus
2204 3010 2273 3063 et

648 3095 974 3152 lendibus
1019 3099 1090 3152 et
1133 3096 1544 3166 pedunculis
1590 3096 1845 3166 capitis.

419 3214 737 3295 Pityriasin
792 3220 854 3274 et
906 3216 1242 3292 porrigines
1298 3217 1535 3296 capitis,
1595 3234 1744 3295 quae
1804 3215 2159 3295 plerumque
2206 3217 2268 3276 in
2312 3225 2338 3273 1

157 3336 210 3376 30
237 3304 573 3383 perniciem
621 3321 685 3363 se
734 3309 1108 3384 convertunt,
1153 3305 1270 3364 nisi
1316 3313 1685 3386 occurratur,
1736 3307 1993 3385 perungi
2037 3310 2275 3383 oportet

388 3444 418 3493 ’1
451 3454 602 3493 sucO.
712 3436 936 3493 mixtos.
1049 3442 1116 3491 10
1137 3437 1426 3522 ‘oxymelli
1550 3445 1614 3493 12
1644 3456 1766 3494 con.
1879 3444 1943 3493 13
1974 3436 2128 3508 post]
2156 3452 2272 3505 per.

242 3514 311 3564 14
348 3510 558 3566 iterum
595 3507 944 3578 interpositis
983 3509 1261 3579 (plurimis
1299 3511 1426 3579 om.)
1465 3509 1679 3565 diebus.
1823 3515 1892 3565 22
1932 3509 2273 3577 dequoques.

242 3586 310 3636 23
350 3580 541 3652 dabis]
578 3581 644 3636 in
677 3580 777 3636 hoc
810 3580 1032 3636 verbum
1067 3581 1271 3639 desinit
1308 3582 1473 3636 codex
1507 3597 1677 3650 usque
1713 3580 1789 3635 ad
1823 3578 1945 3649 VH,
1981 3585 2032 3635 4.
