2575 4092
898 200 1468 289 t-149—

214 363 424 426 laseris
471 381 651 444 grana
698 363 803 443 111,
851 364 1144 426 satureiae
1199 362 1511 443 pusillum,
1565 362 1665 423 alii
1719 364 1914 442 spicas
1959 362 2237 425 undecim

211 461 374 514 teres
421 461 483 513 et
529 452 839 514 calefacies
882 451 1181 513 flammula
1226 454 1397 513 tenui
1442 460 1619 532 atque
1667 451 1803 513 inde
1852 451 2069 514 collum
2106 454 2236 513 eius

210 550 269 603 et
315 543 521 603 fauces
568 541 1021 620 diligentissime
1067 540 1440 623 perfricabis,
1487 543 1593 621 qui
1637 541 1711 601 de
1750 540 1971 603 tolibus
2012 540 2238 602 labora-

207 629 314 692 bit.
397 631 750 693 Remedium
805 630 973 691 valde
1027 639 1261 691 certum
1316 638 1379 691 et
1423 629 1569 691 utile
1626 630 1887 692 faucium
1932 628 2238 691 doloribus
2274 638 2344 688 89

156 737 182 778 5
209 722 313 781 sic.
410 718 653 781 Sci-ibes
697 722 758 780 in
806 720 1009 786 charta
1054 718 1232 780 haec:

577 846 773 913 Εἶδον
806 855 1044 932 τριμερῆ
1079 850 1332 933 χρύσεον
1373 845 1688 913 Τοοὶναδον

578 940 701 1001 Καὶ
734 936 1134 1021 ταρταρούχου
1172 937 1219 1021 †
1255 958 1492 1021 χακεσιν
1532 936 1952 1020 Τουσᾶναδον,

576 1025 794 1092 Σῶσόν
829 1051 899 1108 με
936 1027 1108 1108 σεμνὲ
1145 1027 1430 1110 νερτέρων
1465 1023 1761 1112 ὑπέρτατε.

206 1182 388 1243 quam
436 1162 702 1223 chartam
748 1165 811 1223 in
855 1162 1169 1242 phoenicio
1216 1161 1553 1225 obvolutam
1599 1163 1720 1224 lino
1759 1161 2082 1244 conligabis
2119 1162 2239 1224 col-

131 1270 179 1310 ιο
205 1253 388 1332 loque
438 1252 767 1329 suspendes
812 1253 1295 1332 meminerisque,
1341 1259 1410 1313 ut
1455 1252 1715 1314 mundus
1761 1251 1906 1313 haec
1954 1253 2133 1314 facias
2179 1260 2240 1314 et

204 1359 283 1402 ne
331 1342 512 1401 tertia
559 1358 736 1401 manu
783 1342 1080 1420 scriptura
1126 1347 1419 1419 tangatur.

390 1428 614 1489 Gallam
661 1436 898 1490 tunsam
945 1436 1006 1490 et
1050 1428 1370 1490 cribratam
1416 1436 1594 1508 atque
1642 1428 1876 1490 alumen
1915 1436 2237 1509 utrumque
2276 1438 2346 1488 90

208 1519 421 1597 aequis
465 1517 845 1596 portionibus
891 1535 1091 1579 sumes
1138 1527 1197 1578 et
1242 1520 1412 1597 prius
1457 1520 1520 1578 in
1570 1515 1742 1577 ollam
1789 1536 2000 1578 novam
2039 1519 2237 1578 mittes

208 1616 270 1667 et
315 1604 438 1667 mel
483 1605 707 1666 bonum
753 1613 932 1685 atque
980 1614 1212 1668 acetum
1253 1608 1542 1686 optimum
1590 1605 1811 1666 adicies
1849 1613 1911 1667 et
1949 1608 2011 1665 in
2051 1623 2237 1666 unum

129 1712 179 1753 1⁵
208 1696 512 1774 decoques
569 1706 746 1774 atque
800 1694 941 1756 inde
996 1696 1222 1756 orificia
1276 1696 1615 1772 geusiarum
1674 1701 1735 1755 et
1781 1694 1982 1755 fauces
2027 1695 2238 1754 intrin-

209 1802 388 1845 secus
426 1783 796 1863 perfricabis.
870 1782 1256 1863 vettonicam,
1303 1784 1706 1864 argimoniam‚
1752 1782 2086 1863 verbenam,
2140 1800 2236 1843 ru·
2274 1791 2343 1841 91

207 1873 382 1952 bum,
430 1874 834 1952 senecionem,
879 1879 1166 1953 mentam,
1213 1870 1584 1933 cucurbitam
1631 1873 1876 1951 siccam,
1932 1871 2072 1932 hinc
2119 1889 2238 1931 am-

207 1961 369 2041 plius
416 1963 618 2021 mittes
655 1960 864 2021 sardae
902 1969 1080 2040 caput
1118 1967 1398 2041 assatum,
1444 1961 1671 2039 piperis
1712 1960 2030 2038 modicum,
2077 1966 2239 2020 teres

208 2050 361 2111 haec
417 2052 610 2110 omnia
668 2048 984 2129 diligenter
1038 2062 1099 2109 et
1152 2048 1433 2110 miscebis
1488 2057 1549 2108 et
1599 2050 1686 2110 sic
1733 2050 1911 2110 etiam
1956 2066 2065 2127 per
2109 2049 2238 2128 pin-

126 2155 182 2195 20
211 2138 414 2200 nulam
460 2138 770 2199 delicatam
817 2137 1089 2199 faucibus
1135 2140 1391 2219 inseres3
1440 2140 1593 2198 mire
1637 2137 1751 2200 hoc
1798 2137 2062 2198 remedio
2109 2155 2236 2198 car-

211 2225 543 2288 bunculum
589 2234 650 2287 et
696 2226 985 2306 quidquid
1025 2227 1163 2287 mali
1198 2229 1354 2288 intra
1394 2226 1596 2287 fauces
1633 2228 1749 2288 erit
1786 2225 2040 2288 curabis,
2104 2225 2237 2288 Olei
2275 2233 2344 2284 92

212 2316 355 2376 boni
392 2315 669 2395 cyathum
709 2333 892 2377 unum
932 2323 993 2375 et
1030 2317 1304 2376 sucinum
1333 2333 1540 2376 verum
1574 2317 1637 2376 in
1666 2315 1840 2376 ollam
1869 2334 2079 2376 novam
2106 2317 2238 2376 mit-

211 2413 305 2465 tes
360 2411 540 2483 atque
598 2403 672 2464 ad
715 2403 942 2464 medias
990 2404 1315 2484 decoques,
1376 2403 1590 2464 deinde
1637 2406 1914 2465 sucinum
1961 2402 2133 2464 tolles
2179 2413 2239 2464 et

214 2492 533 2554 combures
579 2500 641 2553 et
685 2501 846 2553 teres
883 2499 943 2553 et
979 2492 1283 2572 pulverem
1323 2494 1452 2552 eius
1489 2494 1550 2553 in
1589 2492 1785 2553 oleum
1834 2510 2013 2570 supra
2053 2493 2238 2570 scrip-

127 2597 183 2638 25
212 2589 340 2643 tum
398 2582 601 2642 mittes
663 2588 722 2642 et
785 2599 902 2642 una
967 2582 1186 2642 iterum
1250 2580 1567 2659 diligenter
1629 2588 1791 2641 teres
1855 2590 2034 2660 atque
2097 2580 2237 2641 inde

211 2669 452 2748 tolibus,
500 2671 777 2749 quotiens
822 2687 975 2750 opus
1012 2670 1211 2750 suerit,
1254 2669 1545 2751 adpones3
1592 2671 1920 2749 experieris
1959 2687 2238 2748 magnum

211 2758 560 2820 remedium.

390 2847 476 2907 Ad
514 2847 815 2927 parotidas
853 2848 1131 2908 convenit
1163 2855 1417 2907 noctuae
1447 2845 1808 2907 cerebellum
1837 2845 2052 2925 butyro
2091 2846 2236 2906 mix-
2276 2854 2344 2904 93

211 2943 340 2997 tum
378 2936 621 3015 adponi3
657 2936 904 2997 discutit
942 2937 1099 2996 enim
1137 2937 1264 2996 fere
1303 2953 1403 2995 eas
1442 2937 1569 2996 sine
1607 2935 1811 2996 dolore
1854 2942 1913 2996 et
1949 2934 2236 2997 molestia.

129 3039 184 3077 30
211 3023 466 3102 Oportet
520 3031 721 3085 autem
779 3042 931 3103 aqua
976 3026 1202 3084 marina
1250 3025 1504 3085 ferventi
1558 3026 1725 3085 novis
1793 3024 2053 3104 sfongeis
2116 3024 2238 3086 illic

210 3113 503 3174 demersis
551 3119 613 3173 et
658 3113 841 3173 linteo
887 3112 981 3173 vel
1027 3112 1244 3184 sabano
1302 3115 1524 3174 intorto
1580 3114 1882 3193 utrimque
1938 3115 2238 3194 expressis

209 3219 497 3281 vaporare
537 3219 636 3261 eas
669 3210 845 3281 atque
874 3203 955 3262 ita
986 3201 1238 3262 oblinire
1267 3201 1381 3263 hoc
1412 3202 1906 3263 medicamentum
1938 3219 2237 3281 superque

354 3360 386 3408 6
437 3351 942 3423 τριμερνχροισέον.
1095 3356 1222 3423 fort.
1265 3354 1546 3410 Θάνατον.
1705 3361 1734 3409 ’7
1773 3355 2235 3416 τουσαναὸοντες.

204 3428 239 3478 8
298 3422 482 3479 σῶσόν
540 3424 874 3481 Gor-narius.-
929 3443 1083 3479 σουν.
1309 3425 2047 3496 σεμνερνερτερονυτερβατε
2096 3425 2237 3493 (sic).

207 3502 241 3550 9
282 3493 545 3551 foenicio.
739 3501 805 3551 16
840 3495 1178 3553 vetonicam.
1364 3502 1429 3551 16
1468 3495 1822 3550 senicionem.
2004 3501 2073 3550 20
2111 3493 2237 3549 dili-

201 3569 421 3636 gatam.
569 3571 640 3620 30
676 3583 879 3635 aqua-m
916 3566 1208 3624 marinam,
1353 3566 1619 3637 ferventi]
1660 3564 1951 3635 frequenti.
