<?xml version="1.0" encoding="UTF-8"?>
<!DOCTYPE html PUBLIC "-//W3C//DTD XHTML 1.0 Transitional//EN"
    "http://www.w3.org/TR/xhtml1/DTD/xhtml1-transitional.dtd">
<html xmlns="http://www.w3.org/1999/xhtml" xml:lang="en" lang="en">
 <head>
  <title>
</title>
<meta http-equiv="Content-Type" content="text/html;charset=utf-8" />
  <meta name='ocr-system' content='tesseract 3.04.00' />
  <meta name='ocr-capabilities' content='ocr_page ocr_carea ocr_par ocr_line ocrx_word'/>
</head>
<body>
  <div class='ocr_page' id='page_1' title='image "./marcellidemedic00unkngoog_0212.png"; bbox 0 0 2575 4092; ppageno 0'>
   <div class='ocr_carea' id='block_1_1' title="bbox 202 832 266 882">
    <p class='ocr_par' dir='ltr' id='par_1_1' title="bbox 202 832 266 882">
     <span class='ocr_line' id='line_1_1' title="bbox 202 832 266 882; baseline 0.016 -1"><span class='ocrx_word' id='word_1_1' title='bbox 202 832 266 882; x_wconf 87' lang='grc'><strong>13</strong></span> 
     </span>
    </p>
   </div>
   <div class='ocr_carea' id='block_1_2' title="bbox 196 2252 264 2302">
    <p class='ocr_par' dir='ltr' id='par_1_2' title="bbox 196 2252 264 2302">
     <span class='ocr_line' id='line_1_2' title="bbox 196 2252 264 2302; baseline 0.015 -1"><span class='ocrx_word' id='word_1_2' title='bbox 196 2252 264 2302; x_wconf 83' lang='grc'><strong>14</strong></span> 
     </span>
    </p>
   </div>
   <div class='ocr_carea' id='block_1_3' title="bbox 200 3317 264 3367">
    <p class='ocr_par' dir='ltr' id='par_1_3' title="bbox 200 3317 264 3367">
     <span class='ocr_line' id='line_1_3' title="bbox 200 3317 264 3367; baseline 0 0"><span class='ocrx_word' id='word_1_3' title='bbox 200 3317 264 3367; x_wconf 82' lang='grc'><strong>15</strong></span> 
     </span>
    </p>
   </div>
   <div class='ocr_carea' id='block_1_4' title="bbox 1081 211 1565 278">
    <p class='ocr_par' dir='ltr' id='par_1_4' title="bbox 1081 211 1565 278">
     <span class='ocr_line' id='line_1_4' title="bbox 1081 211 1565 278; baseline 0.004 -2"><span class='ocrx_word' id='word_1_4' title='bbox 1081 248 1157 257; x_wconf 86' lang='lat'><strong>--</strong></span> <span class='ocrx_word' id='word_1_5' title='bbox 1260 211 1565 278; x_wconf 82' lang='lat'>192—</span> 
     </span>
    </p>
   </div>
   <div class='ocr_carea' id='block_1_5' title="bbox 299 372 2425 3397">
    <p class='ocr_par' dir='ltr' id='par_1_5' title="bbox 299 372 2425 3397">
     <span class='ocr_line' id='line_1_5' title="bbox 307 372 2340 454; baseline -0.001 -19"><span class='ocrx_word' id='word_1_6' title='bbox 307 373 400 435; x_wconf 85' lang='lat' dir='ltr'><strong>vel</strong></span> <span class='ocrx_word' id='word_1_7' title='bbox 457 392 635 454; x_wconf 87' lang='lat' dir='ltr'><strong>quam</strong></span> <span class='ocrx_word' id='word_1_8' title='bbox 693 393 898 436; x_wconf 91' lang='lat' dir='ltr'><strong>zonam</strong></span> <span class='ocrx_word' id='word_1_9' title='bbox 945 382 1158 436; x_wconf 83' lang='lat' dir='ltr'><strong>vocant</strong></span> <span class='ocrx_word' id='word_1_10' title='bbox 1213 374 1366 436; x_wconf 92' lang='lat' dir='ltr'><strong>bene</strong></span> <span class='ocrx_word' id='word_1_11' title='bbox 1422 375 1565 436; x_wconf 87' lang='lat' dir='ltr'><strong>facit</strong></span> <span class='ocrx_word' id='word_1_12' title='bbox 1620 374 1753 434; x_wconf 81' lang='lat' dir='ltr'><strong>data</strong></span> <span class='ocrx_word' id='word_1_13' title='bbox 1811 391 1885 434; x_wconf 82' lang='lat' dir='ltr'><strong>ex</strong></span> <span class='ocrx_word' id='word_1_14' title='bbox 1941 390 2091 452; x_wconf 89' lang='lat' dir='ltr'><strong>aqua</strong></span> <span class='ocrx_word' id='word_1_15' title='bbox 2144 372 2340 434; x_wconf 89' lang='lat' dir='ltr'><strong>mulsa</strong></span> 
     </span>
     <span class='ocr_line' id='line_1_6' title="bbox 306 462 2339 545; baseline -0 -22"><span class='ocrx_word' id='word_1_16' title='bbox 306 462 574 524; x_wconf 88' lang='lat' dir='ltr'><strong>detracto</strong></span> <span class='ocrx_word' id='word_1_17' title='bbox 630 465 799 543; x_wconf 86' lang='lat' dir='ltr'><strong>prius</strong></span> <span class='ocrx_word' id='word_1_18' title='bbox 857 466 1170 544; x_wconf 87' lang='lat' dir='ltr'><strong>sanguine,</strong></span> <span class='ocrx_word' id='word_1_19' title='bbox 1223 465 1276 524; x_wconf 92' lang='lat' dir='ltr'><strong>si</strong></span> <span class='ocrx_word' id='word_1_20' title='bbox 1331 482 1430 525; x_wconf 91' lang='lat' dir='ltr'><strong>res</strong></span> <span class='ocrx_word' id='word_1_21' title='bbox 1475 462 1891 545; x_wconf 82' lang='lat' dir='ltr'>postulaverit,</span> <span class='ocrx_word' id='word_1_22' title='bbox 1948 462 2106 541; x_wconf 91' lang='lat' dir='ltr'><strong>quod</strong></span> <span class='ocrx_word' id='word_1_23' title='bbox 2166 470 2227 522; x_wconf 95' lang='lat' dir='ltr'><strong>et</strong></span> <span class='ocrx_word' id='word_1_24' title='bbox 2274 464 2339 522; x_wconf 92' lang='lat' dir='ltr'><strong>in</strong></span> 
     </span>
     <span class='ocr_line' id='line_1_7' title="bbox 307 551 2337 633; baseline -0 -22"><span class='ocrx_word' id='word_1_25' title='bbox 307 551 585 613; x_wconf 89' lang='lat' dir='ltr'><strong>omnibus</strong></span> <span class='ocrx_word' id='word_1_26' title='bbox 622 552 753 613; x_wconf 85' lang='lat' dir='ltr'><strong>aliis</strong></span> <span class='ocrx_word' id='word_1_27' title='bbox 791 554 951 615; x_wconf 86' lang='lat' dir='ltr'><strong>vitiis</strong></span> <span class='ocrx_word' id='word_1_28' title='bbox 989 571 1170 633; x_wconf 87' lang='lat' dir='ltr'><strong>supra</strong></span> <span class='ocrx_word' id='word_1_29' title='bbox 1209 553 1386 614; x_wconf 89' lang='lat' dir='ltr'><strong>dictis</strong></span> <span class='ocrx_word' id='word_1_30' title='bbox 1416 551 1750 614; x_wconf 83' lang='lat' dir='ltr'><strong>faciendum</strong></span> <span class='ocrx_word' id='word_1_31' title='bbox 1779 559 1899 632; x_wconf 84' lang='lat' dir='ltr'><strong>est3</strong></span> <span class='ocrx_word' id='word_1_32' title='bbox 1942 553 2138 611; x_wconf 92' lang='lat' dir='ltr'><strong>omnia</strong></span> <span class='ocrx_word' id='word_1_33' title='bbox 2175 552 2337 611; x_wconf 91' lang='lat' dir='ltr'><strong>enim</strong></span> 
     </span>
     <span class='ocr_line' id='line_1_8' title="bbox 304 640 2340 722; baseline -0.001 -21"><span class='ocrx_word' id='word_1_34' title='bbox 304 640 520 702; x_wconf 85' lang='lat' dir='ltr'><strong>auxilia</strong></span> <span class='ocrx_word' id='word_1_35' title='bbox 580 640 909 702; x_wconf 86' lang='lat' dir='ltr'><strong>adhibenda</strong></span> <span class='ocrx_word' id='word_1_36' title='bbox 966 650 1132 722; x_wconf 89' lang='lat' dir='ltr'><strong>sunt,</strong></span> <span class='ocrx_word' id='word_1_37' title='bbox 1187 660 1340 722; x_wconf 89' lang='lat' dir='ltr'><strong>quae</strong></span> <span class='ocrx_word' id='word_1_38' title='bbox 1396 661 1468 703; x_wconf 85' lang='lat' dir='ltr'><strong>ex</strong></span> <span class='ocrx_word' id='word_1_39' title='bbox 1525 658 1638 703; x_wconf 88' lang='lat' dir='ltr'><strong>usu</strong></span> <span class='ocrx_word' id='word_1_40' title='bbox 1694 640 1980 720; x_wconf 83' lang='lat' dir='ltr'><strong>prodesse</strong></span> <span class='ocrx_word' id='word_1_41' title='bbox 2031 648 2340 719; x_wconf 90' lang='lat' dir='ltr'><strong>comperta</strong></span> 
     </span>
     <span class='ocr_line' id='line_1_9' title="bbox 303 727 2391 812; baseline 0 -24"><span class='ocrx_word' id='word_1_42' title='bbox 303 727 611 812; x_wconf 79' lang='lat' dir='ltr'><strong>habemuS,</strong></span> <span class='ocrx_word' id='word_1_43' title='bbox 665 732 802 810; x_wconf 87' lang='lat' dir='ltr'><strong>quia</strong></span> <span class='ocrx_word' id='word_1_44' title='bbox 849 730 1049 792; x_wconf 90' lang='lat' dir='ltr'><strong>adiuta</strong></span> <span class='ocrx_word' id='word_1_45' title='bbox 1095 730 1396 792; x_wconf 88' lang='lat' dir='ltr'><strong>antidotos</strong></span> <span class='ocrx_word' id='word_1_46' title='bbox 1441 731 1737 792; x_wconf 82' lang='lat' dir='ltr'><strong>faciliores</strong></span> <span class='ocrx_word' id='word_1_47' title='bbox 1780 727 2024 790; x_wconf 88' lang='lat' dir='ltr'><strong>habebit</strong></span> <span class='ocrx_word' id='word_1_48' title='bbox 2069 728 2338 789; x_wconf 87' lang='lat' dir='ltr'><strong>effectus.</strong></span> <span class='ocrx_word' id='word_1_49' title='bbox 2364 746 2391 787; x_wconf 82' lang='lat'><strong>5</strong></span> 
     </span>
     <span class='ocr_line' id='line_1_10' title="bbox 484 816 2338 901; baseline -0.001 -22"><span class='ocrx_word' id='word_1_50' title='bbox 484 819 720 899; x_wconf 88' lang='lat' dir='ltr'><strong>Recipit</strong></span> <span class='ocrx_word' id='word_1_51' title='bbox 748 838 889 899; x_wconf 83' lang='lat' dir='ltr'><strong>ergo</strong></span> <span class='ocrx_word' id='word_1_52' title='bbox 917 819 1090 882; x_wconf 84' lang='lat' dir='ltr'><strong>haec:</strong></span> <span class='ocrx_word' id='word_1_53' title='bbox 1129 818 1605 901; x_wconf 88' lang='lat' dir='ltr'><strong>Chamaedropis,</strong></span> <span class='ocrx_word' id='word_1_54' title='bbox 1643 837 1795 901; x_wconf 90' lang='lat' dir='ltr'><strong>quae</strong></span> <span class='ocrx_word' id='word_1_55' title='bbox 1823 816 2007 878; x_wconf 89' lang='lat' dir='ltr'><strong>herba</strong></span> <span class='ocrx_word' id='word_1_56' title='bbox 2038 816 2338 878; x_wconf 90' lang='lat' dir='ltr'><strong>simillima</strong></span> 
     </span>
     <span class='ocr_line' id='line_1_11' title="bbox 306 906 2339 990; baseline -0.002 -20"><span class='ocrx_word' id='word_1_57' title='bbox 306 926 535 990; x_wconf 89' lang='lat' dir='ltr'><strong>quercu</strong></span> <span class='ocrx_word' id='word_1_58' title='bbox 590 908 728 969; x_wconf 87' lang='lat' dir='ltr'><strong>folia</strong></span> <span class='ocrx_word' id='word_1_59' title='bbox 783 908 990 989; x_wconf 90' lang='lat' dir='ltr'><strong>habet,</strong></span> <span class='ocrx_word' id='word_1_60' title='bbox 1057 911 1303 989; x_wconf 87' lang='lat' dir='ltr'><strong>agarici,</strong></span> <span class='ocrx_word' id='word_1_61' title='bbox 1371 908 1718 973; x_wconf 80' lang='lat' dir='ltr'><strong>cucurbitae</strong></span> <span class='ocrx_word' id='word_1_62' title='bbox 1774 906 2064 968; x_wconf 83' lang='lat' dir='ltr'><strong>silvestris</strong></span> <span class='ocrx_word' id='word_1_63' title='bbox 2073 954 2090 986; x_wconf 95' lang='lat'><strong>,</strong></span> <span class='ocrx_word' id='word_1_64' title='bbox 2157 923 2339 985; x_wconf 88' lang='lat' dir='ltr'><strong>quam</strong></span> 
     </span>
     <span class='ocr_line' id='line_1_12' title="bbox 311 995 2335 1081; baseline -0.002 -22"><span class='ocrx_word' id='word_1_65' title='bbox 311 997 782 1078; x_wconf 80' lang='lat' dir='ltr'><strong>colocynthidam</strong></span> <span class='ocrx_word' id='word_1_66' title='bbox 837 997 1159 1080; x_wconf 88' lang='lat' dir='ltr'><strong>appellant,</strong></span> <span class='ocrx_word' id='word_1_67' title='bbox 1215 998 1549 1060; x_wconf 89' lang='lat' dir='ltr'><strong>stoechadis</strong></span> <span class='ocrx_word' id='word_1_68' title='bbox 1558 1047 1576 1081; x_wconf 95' lang='lat'><strong>,</strong></span> <span class='ocrx_word' id='word_1_69' title='bbox 1632 995 2003 1075; x_wconf 81' lang='lat' dir='ltr'><strong>singulorum</strong></span> <span class='ocrx_word' id='word_1_70' title='bbox 2058 995 2335 1055; x_wconf 92' lang='lat' dir='ltr'><strong>denarios</strong></span> 
     </span>
     <span class='ocr_line' id='line_1_13' title="bbox 305 1083 2336 1168; baseline -0.002 -20"><span class='ocrx_word' id='word_1_71' title='bbox 305 1086 508 1167; x_wconf 92' lang='grc'><strong>(19003,</strong></span> <span class='ocrx_word' id='word_1_72' title='bbox 547 1088 922 1166; x_wconf 77' lang='lat' dir='ltr'><strong>opopanacis„</strong></span> <span class='ocrx_word' id='word_1_73' title='bbox 962 1089 1259 1168; x_wconf 85' lang='lat' dir='ltr'><strong>sagapeni,</strong></span> <span class='ocrx_word' id='word_1_74' title='bbox 1296 1086 1663 1168; x_wconf 85' lang='lat' dir='ltr'><strong>petroselini,</strong></span> <span class='ocrx_word' id='word_1_75' title='bbox 1698 1092 1894 1146; x_wconf 89' lang='lat' dir='ltr'><strong>terrae</strong></span> <span class='ocrx_word' id='word_1_76' title='bbox 1922 1083 2079 1166; x_wconf 91' lang='lat' dir='ltr'><strong>mali,</strong></span> <span class='ocrx_word' id='word_1_77' title='bbox 2106 1085 2336 1163; x_wconf 88' lang='lat' dir='ltr'><strong>piperis</strong></span> 
     </span>
     <span class='ocr_line' id='line_1_14' title="bbox 304 1173 2417 1256; baseline -0.002 -21"><span class='ocrx_word' id='word_1_78' title='bbox 304 1174 446 1254; x_wconf 84' lang='lat' dir='ltr'><strong>albi,</strong></span> <span class='ocrx_word' id='word_1_79' title='bbox 503 1174 872 1253; x_wconf 88' lang='lat' dir='ltr'><strong>singulorum</strong></span> <span class='ocrx_word' id='word_1_80' title='bbox 920 1174 1195 1236; x_wconf 88' lang='lat' dir='ltr'><strong>denarios</strong></span> <span class='ocrx_word' id='word_1_81' title='bbox 1251 1178 1467 1255; x_wconf 87' lang='lat' dir='ltr'><strong>quinos</strong></span> <span class='ocrx_word' id='word_1_82' title='bbox 1476 1224 1494 1256; x_wconf 89' lang='lat'><strong>,</strong></span> <span class='ocrx_word' id='word_1_83' title='bbox 1549 1175 1834 1254; x_wconf 86' lang='lat' dir='ltr'><strong>cinnami,</strong></span> <span class='ocrx_word' id='word_1_84' title='bbox 1890 1173 2061 1234; x_wconf 88' lang='lat' dir='ltr'><strong>nardi</strong></span> <span class='ocrx_word' id='word_1_85' title='bbox 2117 1174 2337 1252; x_wconf 87' lang='lat' dir='ltr'><strong>spicae,</strong></span> <span class='ocrx_word' id='word_1_86' title='bbox 2365 1191 2417 1231; x_wconf 85' lang='grc'><strong>10</strong></span> 
     </span>
     <span class='ocr_line' id='line_1_15' title="bbox 304 1260 2335 1344; baseline -0.001 -20"><span class='ocrx_word' id='word_1_87' title='bbox 304 1281 567 1342; x_wconf 81' lang='lat' dir='ltr'><strong>myrrae,</strong></span> <span class='ocrx_word' id='word_1_88' title='bbox 620 1262 772 1344; x_wconf 87' lang='lat' dir='ltr'><strong>folii,</strong></span> <span class='ocrx_word' id='word_1_89' title='bbox 832 1265 1022 1343; x_wconf 88' lang='lat' dir='ltr'><strong>croci,</strong></span> <span class='ocrx_word' id='word_1_90' title='bbox 1077 1264 1476 1343; x_wconf 78' lang='lat' dir='ltr'><strong>singulorum.</strong></span> <span class='ocrx_word' id='word_1_91' title='bbox 1504 1264 1780 1326; x_wconf 90' lang='lat' dir='ltr'><strong>denarios</strong></span> <span class='ocrx_word' id='word_1_92' title='bbox 1836 1269 2174 1342; x_wconf 74' lang='lat' dir='ltr'><strong>quaternos,</strong></span> <span class='ocrx_word' id='word_1_93' title='bbox 2266 1260 2335 1321; x_wconf 93' lang='lat' dir='ltr'><strong>In</strong></span> 
     </span>
     <span class='ocr_line' id='line_1_16' title="bbox 302 1349 2334 1433; baseline -0.001 -21"><span class='ocrx_word' id='word_1_94' title='bbox 302 1370 492 1413; x_wconf 89' lang='lat' dir='ltr'><strong>unum</strong></span> <span class='ocrx_word' id='word_1_95' title='bbox 527 1353 725 1412; x_wconf 90' lang='lat' dir='ltr'><strong>omnia</strong></span> <span class='ocrx_word' id='word_1_96' title='bbox 764 1351 1078 1432; x_wconf 86' lang='lat' dir='ltr'><strong>diligenter</strong></span> <span class='ocrx_word' id='word_1_97' title='bbox 1114 1353 1461 1433; x_wconf 86' lang='lat' dir='ltr'><strong>ponderata.</strong></span> <span class='ocrx_word' id='word_1_98' title='bbox 1484 1352 1934 1415; x_wconf 86' lang='lat' dir='ltr'><strong>contunduntur</strong></span> <span class='ocrx_word' id='word_1_99' title='bbox 1973 1358 2033 1411; x_wconf 89' lang='grc'><strong>91</strong></span> <span class='ocrx_word' id='word_1_100' title='bbox 2069 1349 2334 1412; x_wconf 87' lang='lat' dir='ltr'><strong>cribran-</strong></span> 
     </span>
     <span class='ocr_line' id='line_1_17' title="bbox 302 1439 2334 1522; baseline -0.002 -20"><span class='ocrx_word' id='word_1_101' title='bbox 302 1448 403 1502; x_wconf 91' lang='lat' dir='ltr'><strong>tur</strong></span> <span class='ocrx_word' id='word_1_102' title='bbox 458 1448 696 1519; x_wconf 90' lang='lat' dir='ltr'><strong>praeter</strong></span> <span class='ocrx_word' id='word_1_103' title='bbox 751 1459 1150 1521; x_wconf 84' lang='lat' dir='ltr'><strong>opopanacem</strong></span> <span class='ocrx_word' id='word_1_104' title='bbox 1205 1452 1264 1504; x_wconf 90' lang='lat' dir='ltr'><strong>et</strong></span> <span class='ocrx_word' id='word_1_105' title='bbox 1320 1461 1680 1522; x_wconf 85' lang='lat' dir='ltr'><strong>sagapenum</strong></span> <span class='ocrx_word' id='word_1_106' title='bbox 1736 1448 1797 1502; x_wconf 95' lang='lat' dir='ltr'><strong>et</strong></span> <span class='ocrx_word' id='word_1_107' title='bbox 1845 1458 2130 1520; x_wconf 79' lang='lat' dir='ltr'><strong>myrram3</strong></span> <span class='ocrx_word' id='word_1_108' title='bbox 2184 1439 2334 1499; x_wconf 90' lang='lat' dir='ltr'><strong>haec</strong></span> 
     </span>
     <span class='ocr_line' id='line_1_18' title="bbox 303 1529 2336 1609; baseline -0.001 -19"><span class='ocrx_word' id='word_1_109' title='bbox 303 1531 461 1590; x_wconf 90' lang='lat' dir='ltr'><strong>enim</strong></span> <span class='ocrx_word' id='word_1_110' title='bbox 521 1532 805 1591; x_wconf 88' lang='lat' dir='ltr'><strong>mortario</strong></span> <span class='ocrx_word' id='word_1_111' title='bbox 861 1533 978 1592; x_wconf 89' lang='lat' dir='ltr'><strong>teri</strong></span> <span class='ocrx_word' id='word_1_112' title='bbox 1042 1530 1261 1592; x_wconf 90' lang='lat' dir='ltr'><strong>debent</strong></span> <span class='ocrx_word' id='word_1_113' title='bbox 1336 1532 1566 1593; x_wconf 84' lang='lat' dir='ltr'><strong>adiecto</strong></span> <span class='ocrx_word' id='word_1_114' title='bbox 1633 1529 1803 1592; x_wconf 91' lang='lat' dir='ltr'><strong>melle</strong></span> <span class='ocrx_word' id='word_1_115' title='bbox 1859 1531 2055 1609; x_wconf 89' lang='lat' dir='ltr'><strong>tenui,</strong></span> <span class='ocrx_word' id='word_1_116' title='bbox 2124 1529 2184 1589; x_wconf 90' lang='lat' dir='ltr'><strong>id</strong></span> <span class='ocrx_word' id='word_1_117' title='bbox 2241 1537 2336 1588; x_wconf 91' lang='lat' dir='ltr'><strong>est</strong></span> 
     </span>
     <span class='ocr_line' id='line_1_19' title="bbox 303 1618 2418 1701; baseline -0.002 -22"><span class='ocrx_word' id='word_1_118' title='bbox 303 1636 480 1699; x_wconf 90' lang='lat' dir='ltr'><strong>quam</strong></span> <span class='ocrx_word' id='word_1_119' title='bbox 526 1618 955 1700; x_wconf 81' lang='lat' dir='ltr'><strong>liquidissim03</strong></span> <span class='ocrx_word' id='word_1_120' title='bbox 1003 1620 1216 1681; x_wconf 89' lang='lat' dir='ltr'><strong>deinde</strong></span> <span class='ocrx_word' id='word_1_121' title='bbox 1272 1623 1491 1681; x_wconf 89' lang='lat' dir='ltr'><strong>ceteris</strong></span> <span class='ocrx_word' id='word_1_122' title='bbox 1547 1622 2014 1701; x_wconf 87' lang='lat' dir='ltr'><strong>permiscentur,</strong></span> <span class='ocrx_word' id='word_1_123' title='bbox 2066 1635 2215 1697; x_wconf 89' lang='lat' dir='ltr'><strong>quae</strong></span> <span class='ocrx_word' id='word_1_124' title='bbox 2270 1626 2335 1677; x_wconf 90' lang='lat' dir='ltr'><strong>et</strong></span> <span class='ocrx_word' id='word_1_125' title='bbox 2365 1634 2418 1675; x_wconf 87' lang='lat'><strong>15</strong></span> 
     </span>
     <span class='ocr_line' id='line_1_20' title="bbox 302 1705 2335 1790; baseline -0.001 -23"><span class='ocrx_word' id='word_1_126' title='bbox 302 1710 429 1786; x_wconf 91' lang='lat' dir='ltr'><strong>ipsa</strong></span> <span class='ocrx_word' id='word_1_127' title='bbox 476 1709 747 1786; x_wconf 89' lang='lat' dir='ltr'><strong>recipere</strong></span> <span class='ocrx_word' id='word_1_128' title='bbox 797 1707 1017 1769; x_wconf 90' lang='lat' dir='ltr'><strong>debent</strong></span> <span class='ocrx_word' id='word_1_129' title='bbox 1054 1716 1294 1770; x_wconf 81' lang='lat' dir='ltr'><strong>tantum</strong></span> <span class='ocrx_word' id='word_1_130' title='bbox 1341 1708 1550 1790; x_wconf 90' lang='lat' dir='ltr'><strong>mellis,</strong></span> <span class='ocrx_word' id='word_1_131' title='bbox 1598 1715 1884 1789; x_wconf 87' lang='lat' dir='ltr'><strong>quantum</strong></span> <span class='ocrx_word' id='word_1_132' title='bbox 1927 1710 2069 1768; x_wconf 88' lang='lat' dir='ltr'><strong>satis</strong></span> <span class='ocrx_word' id='word_1_133' title='bbox 2107 1708 2223 1766; x_wconf 89' lang='lat' dir='ltr'><strong>erit</strong></span> <span class='ocrx_word' id='word_1_134' title='bbox 2259 1705 2335 1765; x_wconf 92' lang='lat' dir='ltr'><strong>ad</strong></span> 
     </span>
     <span class='ocr_line' id='line_1_21' title="bbox 302 1793 2335 1876; baseline -0 -21"><span class='ocrx_word' id='word_1_135' title='bbox 302 1795 857 1876; x_wconf 88' lang='lat' dir='ltr'><strong>comprehendenda</strong></span> <span class='ocrx_word' id='word_1_136' title='bbox 904 1805 966 1858; x_wconf 90' lang='lat' dir='ltr'><strong>et</strong></span> <span class='ocrx_word' id='word_1_137' title='bbox 1010 1798 1366 1859; x_wconf 88' lang='lat' dir='ltr'><strong>continenda</strong></span> <span class='ocrx_word' id='word_1_138' title='bbox 1414 1817 1482 1859; x_wconf 89' lang='lat' dir='ltr'><strong>ea</strong></span> <span class='ocrx_word' id='word_1_139' title='bbox 1530 1798 1620 1858; x_wconf 89' lang='lat' dir='ltr'><strong>vel</strong></span> <span class='ocrx_word' id='word_1_140' title='bbox 1668 1795 2146 1875; x_wconf 85' lang='lat' dir='ltr'><strong>conglutinanda.</strong></span> <span class='ocrx_word' id='word_1_141' title='bbox 2220 1793 2335 1854; x_wconf 88' lang='lat' dir='ltr'><strong>Re-</strong></span> 
     </span>
     <span class='ocr_line' id='line_1_22' title="bbox 300 1885 2336 1966; baseline -0.001 -21"><span class='ocrx_word' id='word_1_142' title='bbox 300 1887 543 1965; x_wconf 89' lang='lat' dir='ltr'><strong>ponitur</strong></span> <span class='ocrx_word' id='word_1_143' title='bbox 580 1886 1078 1947; x_wconf 86' lang='lat' dir='ltr'><strong>medicamentum</strong></span> <span class='ocrx_word' id='word_1_144' title='bbox 1118 1905 1254 1947; x_wconf 90' lang='lat' dir='ltr'><strong>vaso</strong></span> <span class='ocrx_word' id='word_1_145' title='bbox 1296 1890 1485 1948; x_wconf 90' lang='lat' dir='ltr'><strong>vitreo</strong></span> <span class='ocrx_word' id='word_1_146' title='bbox 1524 1888 1636 1949; x_wconf 89' lang='lat' dir='ltr'><strong>sub</strong></span> <span class='ocrx_word' id='word_1_147' title='bbox 1675 1885 1998 1966; x_wconf 78' lang='lat' dir='ltr'><strong>signaculo,</strong></span> <span class='ocrx_word' id='word_1_148' title='bbox 2037 1885 2227 1964; x_wconf 90' lang='lat' dir='ltr'><strong>datur,</strong></span> <span class='ocrx_word' id='word_1_149' title='bbox 2264 1893 2336 1943; x_wconf 89' lang='lat' dir='ltr'><strong>ut</strong></span> 
     </span>
     <span class='ocr_line' id='line_1_23' title="bbox 302 1971 2334 2056; baseline -0.001 -22"><span class='ocrx_word' id='word_1_150' title='bbox 302 1992 482 2052; x_wconf 90' lang='lat' dir='ltr'><strong>supra</strong></span> <span class='ocrx_word' id='word_1_151' title='bbox 529 1973 787 2036; x_wconf 86' lang='lat' dir='ltr'><strong>diximus</strong></span> <span class='ocrx_word' id='word_1_152' title='bbox 835 1982 896 2036; x_wconf 90' lang='lat' dir='ltr'><strong>et</strong></span> <span class='ocrx_word' id='word_1_153' title='bbox 934 1975 1431 2054; x_wconf 88' lang='lat' dir='ltr'><strong>quemadmodum</strong></span> <span class='ocrx_word' id='word_1_154' title='bbox 1470 1976 1750 2056; x_wconf 86' lang='lat' dir='ltr'><strong>diximus,</strong></span> <span class='ocrx_word' id='word_1_155' title='bbox 1788 1992 1926 2035; x_wconf 88' lang='lat' dir='ltr'><strong>cum</strong></span> <span class='ocrx_word' id='word_1_156' title='bbox 1964 1990 2191 2035; x_wconf 87' lang='lat' dir='ltr'><strong>summa</strong></span> <span class='ocrx_word' id='word_1_157' title='bbox 2229 1971 2334 2032; x_wconf 92' lang='lat' dir='ltr'><strong>ob·</strong></span> 
     </span>
     <span class='ocr_line' id='line_1_24' title="bbox 302 2059 2420 2143; baseline -0.001 -20"><span class='ocrx_word' id='word_1_158' title='bbox 302 2065 634 2123; x_wconf 88' lang='lat' dir='ltr'><strong>servatione</strong></span> <span class='ocrx_word' id='word_1_159' title='bbox 690 2081 800 2142; x_wconf 87' lang='lat' dir='ltr'><strong>pro</strong></span> <span class='ocrx_word' id='word_1_160' title='bbox 857 2066 1148 2143; x_wconf 89' lang='lat' dir='ltr'><strong>cuiusque</strong></span> <span class='ocrx_word' id='word_1_161' title='bbox 1202 2066 1294 2125; x_wconf 93' lang='lat' dir='ltr'><strong>rei</strong></span> <span class='ocrx_word' id='word_1_162' title='bbox 1349 2067 1545 2126; x_wconf 89' lang='lat' dir='ltr'><strong>causis</strong></span> <span class='ocrx_word' id='word_1_163' title='bbox 1603 2064 1695 2126; x_wconf 88' lang='lat' dir='ltr'><strong>vel</strong></span> <span class='ocrx_word' id='word_1_164' title='bbox 1748 2064 2045 2125; x_wconf 90' lang='lat' dir='ltr'><strong>mensuris</strong></span> <span class='ocrx_word' id='word_1_165' title='bbox 2094 2059 2182 2121; x_wconf 90' lang='lat' dir='ltr'><strong>vel</strong></span> <span class='ocrx_word' id='word_1_166' title='bbox 2230 2078 2334 2121; x_wconf 90' lang='lat' dir='ltr'><strong>ne·</strong></span> <span class='ocrx_word' id='word_1_167' title='bbox 2364 2078 2420 2120; x_wconf 78' lang='grc'><strong>30</strong></span> 
     </span>
     <span class='ocr_line' id='line_1_25' title="bbox 301 2149 2334 2236; baseline -0.001 -24"><span class='ocrx_word' id='word_1_168' title='bbox 301 2149 708 2232; x_wconf 85' lang='lat' dir='ltr'><strong>cessitatibus3</strong></span> <span class='ocrx_word' id='word_1_169' title='bbox 755 2159 849 2212; x_wconf 90' lang='lat' dir='ltr'><strong>est</strong></span> <span class='ocrx_word' id='word_1_170' title='bbox 892 2170 1142 2231; x_wconf 88' lang='lat' dir='ltr'><strong>prorsus</strong></span> <span class='ocrx_word' id='word_1_171' title='bbox 1190 2171 1446 2236; x_wconf 90' lang='lat' dir='ltr'><strong>sacrum,</strong></span> <span class='ocrx_word' id='word_1_172' title='bbox 1492 2162 1561 2215; x_wconf 92' lang='lat' dir='ltr'><strong>ut</strong></span> <span class='ocrx_word' id='word_1_173' title='bbox 1606 2162 1813 2216; x_wconf 88' lang='lat' dir='ltr'><strong>auctor</strong></span> <span class='ocrx_word' id='word_1_174' title='bbox 1853 2152 2110 2213; x_wconf 89' lang='lat' dir='ltr'><strong>nominis</strong></span> <span class='ocrx_word' id='word_1_175' title='bbox 2148 2149 2334 2210; x_wconf 87' lang='lat' dir='ltr'><strong>huius</strong></span> 
     </span>
     <span class='ocr_line' id='line_1_26' title="bbox 300 2238 2338 2319; baseline -0 -19"><span class='ocrx_word' id='word_1_176' title='bbox 300 2238 628 2319; x_wconf 89' lang='lat' dir='ltr'><strong>appellavit.</strong></span> <span class='ocrx_word' id='word_1_177' title='bbox 722 2239 786 2300; x_wconf 93' lang='lat' dir='ltr'><strong>Si</strong></span> <span class='ocrx_word' id='word_1_178' title='bbox 851 2240 1086 2319; x_wconf 90' lang='lat' dir='ltr'><strong>quando</strong></span> <span class='ocrx_word' id='word_1_179' title='bbox 1150 2251 1350 2303; x_wconf 89' lang='lat' dir='ltr'><strong>autem</strong></span> <span class='ocrx_word' id='word_1_180' title='bbox 1415 2243 1747 2305; x_wconf 85' lang='lat' dir='ltr'><strong>efficaciore</strong></span> <span class='ocrx_word' id='word_1_181' title='bbox 1816 2239 2177 2301; x_wconf 88' lang='lat' dir='ltr'><strong>voluerimus</strong></span> <span class='ocrx_word' id='word_1_182' title='bbox 2243 2241 2338 2299; x_wconf 89' lang='lat' dir='ltr'><strong>uti</strong></span> 
     </span>
     <span class='ocr_line' id='line_1_27' title="bbox 301 2326 2333 2407; baseline 0 -19"><span class='ocrx_word' id='word_1_183' title='bbox 301 2336 548 2407; x_wconf 86' lang='lat' dir='ltr'><strong>propter</strong></span> <span class='ocrx_word' id='word_1_184' title='bbox 584 2326 993 2391; x_wconf 85' lang='lat' dir='ltr'><strong>difficultatem</strong></span> <span class='ocrx_word' id='word_1_185' title='bbox 1031 2330 1360 2392; x_wconf 91' lang='lat' dir='ltr'><strong>naturalem</strong></span> <span class='ocrx_word' id='word_1_186' title='bbox 1396 2333 1676 2394; x_wconf 87' lang='lat' dir='ltr'><strong>vitiorum</strong></span> <span class='ocrx_word' id='word_1_187' title='bbox 1712 2337 1816 2395; x_wconf 89' lang='lat' dir='ltr'><strong>aut</strong></span> <span class='ocrx_word' id='word_1_188' title='bbox 1852 2346 2164 2390; x_wconf 87' lang='lat' dir='ltr'><strong>causarum</strong></span> <span class='ocrx_word' id='word_1_189' title='bbox 2199 2326 2333 2389; x_wconf 89' lang='lat' dir='ltr'><strong>diu·</strong></span> 
     </span>
     <span class='ocr_line' id='line_1_28' title="bbox 302 2416 2336 2497; baseline 0 -20"><span class='ocrx_word' id='word_1_190' title='bbox 302 2419 670 2497; x_wconf 89' lang='lat' dir='ltr'><strong>turnitatem,</strong></span> <span class='ocrx_word' id='word_1_191' title='bbox 717 2426 784 2479; x_wconf 94' lang='lat' dir='ltr'><strong>ut</strong></span> <span class='ocrx_word' id='word_1_192' title='bbox 830 2420 881 2479; x_wconf 91' lang='lat' dir='ltr'><strong>si</strong></span> <span class='ocrx_word' id='word_1_193' title='bbox 927 2417 1187 2482; x_wconf 86' lang='lat' dir='ltr'><strong>dandum</strong></span> <span class='ocrx_word' id='word_1_194' title='bbox 1235 2422 1315 2480; x_wconf 92' lang='lat' dir='ltr'><strong>sit</strong></span> <span class='ocrx_word' id='word_1_195' title='bbox 1362 2421 1602 2482; x_wconf 83' lang='lat' dir='ltr'><strong>furiosis</strong></span> <span class='ocrx_word' id='word_1_196' title='bbox 1650 2429 1752 2482; x_wconf 91' lang='lat' dir='ltr'><strong>aut</strong></span> <span class='ocrx_word' id='word_1_197' title='bbox 1797 2417 2080 2480; x_wconf 88' lang='lat' dir='ltr'><strong>comitiali</strong></span> <span class='ocrx_word' id='word_1_198' title='bbox 2121 2416 2336 2478; x_wconf 92' lang='lat' dir='ltr'><strong>morbo</strong></span> 
     </span>
     <span class='ocr_line' id='line_1_29' title="bbox 302 2506 2423 2589; baseline 0 -22"><span class='ocrx_word' id='word_1_199' title='bbox 302 2509 596 2585; x_wconf 89' lang='lat' dir='ltr'><strong>correptis</strong></span> <span class='ocrx_word' id='word_1_200' title='bbox 630 2506 722 2568; x_wconf 87' lang='lat' dir='ltr'><strong>vel</strong></span> <span class='ocrx_word' id='word_1_201' title='bbox 759 2506 1098 2570; x_wconf 88' lang='lat' dir='ltr'><strong>lumborum</strong></span> <span class='ocrx_word' id='word_1_202' title='bbox 1137 2518 1495 2589; x_wconf 90' lang='lat' dir='ltr'><strong>perpetuum</strong></span> <span class='ocrx_word' id='word_1_203' title='bbox 1534 2509 1799 2571; x_wconf 89' lang='lat' dir='ltr'><strong>dolorem</strong></span> <span class='ocrx_word' id='word_1_204' title='bbox 1836 2506 2190 2568; x_wconf 82' lang='lat' dir='ltr'><strong>habentibus</strong></span> <span class='ocrx_word' id='word_1_205' title='bbox 2229 2525 2337 2586; x_wconf 91' lang='lat' dir='ltr'><strong>po·</strong></span> <span class='ocrx_word' id='word_1_206' title='bbox 2367 2527 2423 2568; x_wconf 75' lang='lat'><strong>25</strong></span> 
     </span>
     <span class='ocr_line' id='line_1_30' title="bbox 303 2595 2337 2678; baseline 0 -23"><span class='ocrx_word' id='word_1_207' title='bbox 303 2595 553 2672; x_wconf 83' lang='lat' dir='ltr'><strong>dagrave</strong></span> <span class='ocrx_word' id='word_1_208' title='bbox 599 2598 900 2678; x_wconf 85' lang='grc'><strong>0111010113,</strong></span> <span class='ocrx_word' id='word_1_209' title='bbox 947 2597 1294 2660; x_wconf 87' lang='lat' dir='ltr'><strong>cucurbitae</strong></span> <span class='ocrx_word' id='word_1_210' title='bbox 1342 2597 1631 2660; x_wconf 84' lang='lat' dir='ltr'><strong>silvestris</strong></span> <span class='ocrx_word' id='word_1_211' title='bbox 1674 2599 2000 2661; x_wconf 88' lang='lat' dir='ltr'><strong>adiciemus</strong></span> <span class='ocrx_word' id='word_1_212' title='bbox 2037 2595 2110 2657; x_wconf 88' lang='lat' dir='ltr'><strong>ad</strong></span> <span class='ocrx_word' id='word_1_213' title='bbox 2148 2613 2337 2674; x_wconf 87' lang='lat' dir='ltr'><strong>supra</strong></span> 
     </span>
     <span class='ocr_line' id='line_1_31' title="bbox 302 2683 2337 2767; baseline 0.001 -25"><span class='ocrx_word' id='word_1_214' title='bbox 302 2683 457 2744; x_wconf 87' lang='lat' dir='ltr'><strong>dicta</strong></span> <span class='ocrx_word' id='word_1_215' title='bbox 514 2684 778 2762; x_wconf 90' lang='lat' dir='ltr'><strong>pondera</strong></span> <span class='ocrx_word' id='word_1_216' title='bbox 832 2685 1108 2747; x_wconf 89' lang='lat' dir='ltr'><strong>denarios</strong></span> <span class='ocrx_word' id='word_1_217' title='bbox 1163 2685 1371 2748; x_wconf 93' lang='lat' dir='ltr'><strong>decem</strong></span> <span class='ocrx_word' id='word_1_218' title='bbox 1426 2696 1486 2748; x_wconf 92' lang='lat' dir='ltr'><strong>et</strong></span> <span class='ocrx_word' id='word_1_219' title='bbox 1539 2688 1898 2767; x_wconf 86' lang='lat' dir='ltr'><strong>opopanacis</strong></span> <span class='ocrx_word' id='word_1_220' title='bbox 1944 2694 2120 2764; x_wconf 87' lang='lat' dir='ltr'><strong>atque</strong></span> <span class='ocrx_word' id='word_1_221' title='bbox 2167 2702 2337 2764; x_wconf 83' lang='lat' dir='ltr'><strong>saga·</strong></span> 
     </span>
     <span class='ocr_line' id='line_1_32' title="bbox 300 2773 2340 2857; baseline 0.002 -25"><span class='ocrx_word' id='word_1_222' title='bbox 300 2774 442 2852; x_wconf 91' lang='lat' dir='ltr'><strong>peni</strong></span> <span class='ocrx_word' id='word_1_223' title='bbox 488 2773 762 2834; x_wconf 88' lang='lat' dir='ltr'><strong>denarios</strong></span> <span class='ocrx_word' id='word_1_224' title='bbox 809 2777 1052 2856; x_wconf 85' lang='lat' dir='ltr'><strong>quinos3</strong></span> <span class='ocrx_word' id='word_1_225' title='bbox 1107 2775 1494 2855; x_wconf 87' lang='lat' dir='ltr'><strong>quamobrem</strong></span> <span class='ocrx_word' id='word_1_226' title='bbox 1551 2783 1806 2857; x_wconf 88' lang='lat' dir='ltr'><strong>utraque</strong></span> <span class='ocrx_word' id='word_1_227' title='bbox 1862 2783 2063 2855; x_wconf 87' lang='lat' dir='ltr'><strong>parata</strong></span> <span class='ocrx_word' id='word_1_228' title='bbox 2111 2773 2340 2836; x_wconf 90' lang='lat' dir='ltr'><strong>debent</strong></span> 
     </span>
     <span class='ocr_line' id='line_1_33' title="bbox 302 2861 2338 2949; baseline 0.001 -27"><span class='ocrx_word' id='word_1_229' title='bbox 302 2879 433 2922; x_wconf 89' lang='lat' dir='ltr'><strong>esse</strong></span> <span class='ocrx_word' id='word_1_230' title='bbox 485 2861 941 2945; x_wconf 88' lang='lat' dir='ltr'><strong>medicamenta,</strong></span> <span class='ocrx_word' id='word_1_231' title='bbox 997 2870 1088 2943; x_wconf 93' lang='lat' dir='ltr'><strong>ut,</strong></span> <span class='ocrx_word' id='word_1_232' title='bbox 1147 2883 1285 2926; x_wconf 89' lang='lat' dir='ltr'><strong>cum</strong></span> <span class='ocrx_word' id='word_1_233' title='bbox 1341 2883 1491 2945; x_wconf 90' lang='lat' dir='ltr'><strong>opus</strong></span> <span class='ocrx_word' id='word_1_234' title='bbox 1547 2865 1755 2949; x_wconf 88' lang='lat' dir='ltr'><strong>fuerit,</strong></span> <span class='ocrx_word' id='word_1_235' title='bbox 1814 2883 1960 2927; x_wconf 91' lang='lat' dir='ltr'><strong>usus</strong></span> <span class='ocrx_word' id='word_1_236' title='bbox 2015 2865 2338 2943; x_wconf 89' lang='lat' dir='ltr'><strong>utriusque</strong></span> 
     </span>
     <span class='ocr_line' id='line_1_34' title="bbox 300 2951 2425 3033; baseline 0.003 -24"><span class='ocrx_word' id='word_1_237' title='bbox 300 2951 361 3010; x_wconf 94' lang='lat' dir='ltr'><strong>in</strong></span> <span class='ocrx_word' id='word_1_238' title='bbox 427 2957 708 3030; x_wconf 90' lang='lat' dir='ltr'><strong>promptu</strong></span> <span class='ocrx_word' id='word_1_239' title='bbox 775 2954 868 3013; x_wconf 89' lang='lat' dir='ltr'><strong>sit.</strong></span> <span class='ocrx_word' id='word_1_240' title='bbox 972 2952 1121 3014; x_wconf 90' lang='lat' dir='ltr'><strong>Illud</strong></span> <span class='ocrx_word' id='word_1_241' title='bbox 1196 2971 1339 3014; x_wconf 87' lang='lat' dir='ltr'><strong>sane</strong></span> <span class='ocrx_word' id='word_1_242' title='bbox 1412 2972 1554 3033; x_wconf 88' lang='lat' dir='ltr'><strong>prae</strong></span> <span class='ocrx_word' id='word_1_243' title='bbox 1620 2958 1837 3016; x_wconf 88' lang='lat' dir='ltr'><strong>ceteris</strong></span> <span class='ocrx_word' id='word_1_244' title='bbox 1906 2953 2048 3015; x_wconf 89' lang='lat' dir='ltr'><strong>mihi</strong></span> <span class='ocrx_word' id='word_1_245' title='bbox 2116 2953 2334 3015; x_wconf 88' lang='lat' dir='ltr'><strong>credas</strong></span> <span class='ocrx_word' id='word_1_246' title='bbox 2363 2974 2425 3016; x_wconf 81' lang='grc'><strong>30</strong></span> 
     </span>
     <span class='ocr_line' id='line_1_35' title="bbox 299 3036 2338 3123; baseline 0.003 -25"><span class='ocrx_word' id='word_1_247' title='bbox 299 3036 503 3119; x_wconf 84' lang='lat' dir='ltr'><strong>velim,</strong></span> <span class='ocrx_word' id='word_1_248' title='bbox 558 3038 699 3100; x_wconf 91' lang='lat' dir='ltr'><strong>dum</strong></span> <span class='ocrx_word' id='word_1_249' title='bbox 754 3043 817 3101; x_wconf 92' lang='lat' dir='ltr'><strong>in</strong></span> <span class='ocrx_word' id='word_1_250' title='bbox 872 3041 1000 3103; x_wconf 87' lang='lat' dir='ltr'><strong>aliis</strong></span> <span class='ocrx_word' id='word_1_251' title='bbox 1057 3041 1238 3103; x_wconf 88' lang='lat' dir='ltr'><strong>rebus</strong></span> <span class='ocrx_word' id='word_1_252' title='bbox 1294 3044 1421 3123; x_wconf 91' lang='lat' dir='ltr'><strong>ipse</strong></span> <span class='ocrx_word' id='word_1_253' title='bbox 1479 3045 1598 3104; x_wconf 87' lang='lat' dir='ltr'><strong>vim</strong></span> <span class='ocrx_word' id='word_1_254' title='bbox 1654 3046 1783 3105; x_wconf 89' lang='grc'><strong>91113</strong></span> <span class='ocrx_word' id='word_1_255' title='bbox 1842 3043 2160 3123; x_wconf 81' lang='lat' dir='ltr'><strong>expeririS,</strong></span> <span class='ocrx_word' id='word_1_256' title='bbox 2213 3043 2338 3104; x_wconf 91' lang='lat' dir='ltr'><strong>hoc</strong></span> 
     </span>
     <span class='ocr_line' id='line_1_36' title="bbox 300 3127 2342 3212; baseline 0.003 -25"><span class='ocrx_word' id='word_1_257' title='bbox 300 3127 732 3190; x_wconf 89' lang='lat' dir='ltr'><strong>medicamento</strong></span> <span class='ocrx_word' id='word_1_258' title='bbox 797 3148 918 3191; x_wconf 89' lang='lat' dir='ltr'><strong>non</strong></span> <span class='ocrx_word' id='word_1_259' title='bbox 973 3129 1166 3192; x_wconf 90' lang='lat' dir='ltr'><strong>solum</strong></span> <span class='ocrx_word' id='word_1_260' title='bbox 1220 3150 1342 3193; x_wconf 91' lang='grc'><strong>11011</strong></span> <span class='ocrx_word' id='word_1_261' title='bbox 1401 3135 1608 3194; x_wconf 92' lang='lat' dir='ltr'><strong>noceri</strong></span> <span class='ocrx_word' id='word_1_262' title='bbox 1661 3132 2057 3212; x_wconf 89' lang='lat' dir='ltr'><strong>stomachum,</strong></span> <span class='ocrx_word' id='word_1_263' title='bbox 2122 3150 2342 3194; x_wconf 86' lang='lat' dir='ltr'><strong>verum</strong></span> 
     </span>
     <span class='ocr_line' id='line_1_37' title="bbox 301 3217 2130 3302; baseline 0.002 -24"><span class='ocrx_word' id='word_1_264' title='bbox 301 3218 479 3279; x_wconf 90' lang='lat' dir='ltr'><strong>etiam</strong></span> <span class='ocrx_word' id='word_1_265' title='bbox 525 3217 693 3278; x_wconf 88' lang='lat' dir='ltr'><strong>refici</strong></span> <span class='ocrx_word' id='word_1_266' title='bbox 738 3226 799 3280; x_wconf 94' lang='lat' dir='ltr'><strong>et</strong></span> <span class='ocrx_word' id='word_1_267' title='bbox 844 3220 1185 3281; x_wconf 85' lang='lat' dir='ltr'><strong>confirmari</strong></span> <span class='ocrx_word' id='word_1_268' title='bbox 1232 3239 1413 3300; x_wconf 85' lang='lat' dir='ltr'><strong>supra</strong></span> <span class='ocrx_word' id='word_1_269' title='bbox 1459 3224 1725 3283; x_wconf 89' lang='lat' dir='ltr'><strong>omnium</strong></span> <span class='ocrx_word' id='word_1_270' title='bbox 1772 3224 2130 3302; x_wconf 89' lang='lat' dir='ltr'><strong>opinionem.</strong></span> 
     </span>
     <span class='ocr_line' id='line_1_38' title="bbox 481 3305 2341 3397; baseline 0.004 -31"><span class='ocrx_word' id='word_1_271' title='bbox 481 3305 996 3388; x_wconf 88' lang='lat' dir='ltr'><strong>Medicamentum,</strong></span> <span class='ocrx_word' id='word_1_272' title='bbox 1036 3310 1194 3388; x_wconf 89' lang='lat' dir='ltr'><strong>quod</strong></span> <span class='ocrx_word' id='word_1_273' title='bbox 1233 3312 1474 3389; x_wconf 93' lang='lat' dir='ltr'><strong>proprie</strong></span> <span class='ocrx_word' id='word_1_274' title='bbox 1512 3310 1796 3372; x_wconf 86' lang='lat' dir='ltr'><strong>adversus</strong></span> <span class='ocrx_word' id='word_1_275' title='bbox 1828 3309 2186 3397; x_wconf 73' lang='lat' dir='ltr'><strong>solutionem</strong></span> <span class='ocrx_word' id='word_1_276' title='bbox 2215 3319 2341 3373; x_wconf 89' lang='grc'><strong>310-</strong></span> 
     </span>
    </p>
   </div>
   <div class='ocr_carea' id='block_1_6' title="bbox 302 3514 2339 3647">
    <p class='ocr_par' dir='ltr' id='par_1_6' title="bbox 302 3514 2339 3647">
     <span class='ocr_line' id='line_1_39' title="bbox 308 3514 2339 3593; baseline 0.006 -30"><span class='ocrx_word' id='word_1_277' title='bbox 308 3546 321 3563; x_wconf 46' lang='grc'><strong>1</strong></span> <span class='ocrx_word' id='word_1_278' title='bbox 483 3520 514 3568; x_wconf 90' lang='grc'>6</span> <span class='ocrx_word' id='word_1_279' title='bbox 554 3514 1001 3588; x_wconf 77' lang='lat' dir='ltr'><strong>chamaedropis]</strong></span> <span class='ocrx_word' id='word_1_280' title='bbox 1040 3517 1389 3588; x_wconf 81' lang='grc' dir='ltr'><strong><em>χαμαίδρυος</em></strong></span> <span class='ocrx_word' id='word_1_281' title='bbox 1424 3516 1676 3575; x_wconf 79' lang='lat' dir='ltr'><strong>Scribon.</strong></span> <span class='ocrx_word' id='word_1_282' title='bbox 1727 3518 1731 3524; x_wconf 80' lang='grc'><em>“</em></span> <span class='ocrx_word' id='word_1_283' title='bbox 1786 3524 1818 3574; x_wconf 90' lang='grc'>8</span> <span class='ocrx_word' id='word_1_284' title='bbox 1852 3517 2339 3593; x_wconf 73' lang='lat' dir='ltr'><strong>colocynthidam]</strong></span> 
     </span>
     <span class='ocr_line' id='line_1_40' title="bbox 302 3585 1825 3647; baseline 0.008 -13"><span class='ocrx_word' id='word_1_285' title='bbox 302 3585 688 3640; x_wconf 74' lang='grc' dir='ltr'><strong><em>κολοκυνθίὸα</em></strong></span> <span class='ocrx_word' id='word_1_286' title='bbox 724 3586 977 3642; x_wconf 78' lang='lat' dir='ltr'><strong>Scribon.</strong></span> <span class='ocrx_word' id='word_1_287' title='bbox 1122 3594 1188 3643; x_wconf 82' lang='lat'><strong>31</strong></span> <span class='ocrx_word' id='word_1_288' title='bbox 1227 3589 1395 3644; x_wconf 79' lang='lat' dir='ltr'><strong>rebus</strong></span> <span class='ocrx_word' id='word_1_289' title='bbox 1430 3604 1531 3645; x_wconf 86' lang='lat' dir='ltr'><strong>om.</strong></span> <span class='ocrx_word' id='word_1_290' title='bbox 1571 3588 1825 3647; x_wconf 47' lang='lat' dir='ltr'><strong>Scribant.</strong></span> 
     </span>
    </p>
   </div>
   <div class='ocr_carea' id='block_1_7' title="bbox 2562 702 2566 1323">
    <p class='ocr_par' dir='ltr' id='par_1_7' title="bbox 2562 702 2566 1323">
     <span class='ocr_line' id='line_1_41' title="bbox 2562 702 2566 1323; baseline 0 0"><span class='ocrx_word' id='word_1_291' title='bbox 2562 702 2566 1323; x_wconf 95' lang='lat' dir='ltr'><strong> </strong></span> 
     </span>
    </p>
   </div>
  </div>
 </body>
</html>
