2575 4092
1006 208 1439 274 -95-

192 379 503 433 contactae
558 372 622 431 in
680 370 953 449 globulos
1008 370 1449 453 conplicantur,
1505 373 1566 432 in
1622 371 1753 433 oleo
1808 383 2088 434 excoctae
2145 375 2234 434 in·

191 459 483 540 fusaeque
539 459 789 521 auribus
847 461 1048 521 statim
1102 468 1373 538 prosunt.
1466 461 1615 522 Tres
1671 479 1919 522 araneae
1967 465 2233 523 viventes
2274 473 2338 522 11

190 552 254 610 in
300 548 435 610 oleo
485 550 539 609 si
586 549 857 610 ferveant
903 548 974 609 ad
1021 548 1222 610 focum
1266 551 1496 629 positae
1543 557 1720 629 atque
1778 551 1917 612 inde
1964 551 2232 630 tepidum

192 638 442 700 auribus
491 638 653 717 quod
700 638 960 699 sufficiat
1004 637 1355 720 instilletur,
1406 640 1525 700 cito
1572 639 1919 701 remediant.
2013 639 2231 701 Sevum
2273 650 2338 699 12

137 744 163 785 5
190 727 513 789 vitulinum
560 727 736 805 adipe
781 728 1011 788 anseris
1057 729 1307 788 mixtum
1365 727 1597 789 adiecto
1653 730 1830 790 ocimi
1885 747 2030 791 suco
2082 731 2233 809 tepi-

192 817 340 877 dum
395 815 644 877 auribus
699 817 967 877 infusum
1023 819 1247 896 optime
1304 824 1487 878 sanat.
1579 816 1790 878 Rafani
1846 835 2115 900 quoque,
2168 817 2229 878 id
2272 828 2337 878 13

190 914 285 967 est
332 905 556 966 radicis
603 924 755 985 quae
800 905 1219 987 manducatur,
1264 924 1450 967 sucus
1495 906 1734 968 infusus
1780 906 2081 968 auriculae
2128 906 2229 967 do·

188 995 343 1056 lenti
388 994 691 1055 infinitum
735 993 997 1074 prodest.
1072 994 1212 1055 Gari
1258 995 1604 1056 excellentis
1651 996 1928 1076 cyathum
1970 1004 2032 1057 et
2076 997 2231 1056 aceti
2272 1005 2338 1055 14

23 1125 26 1128 -
191 1085 411 1163 optimi
458 1083 734 1163 cyathum
781 1092 842 1145 et
875 1082 1069 1144 mellis
1116 1083 1427 1146 dimidium
1473 1084 1751 1165 cyathum
1796 1102 1981 1164 super
2017 1102 2231 1165 aquam

23 1167 26 1186 ²
113 1191 164 1231 10
190 1173 531 1234 ferventem
582 1174 645 1233 in
700 1172 814 1233 alio
870 1191 1009 1234 vaso
1065 1190 1288 1252 coques
1343 1182 1404 1235 et
1452 1174 1802 1254 frequenter
1847 1173 2231 1253 despumabis

192 1263 268 1322 de
317 1260 565 1341 pinnula
610 1261 931 1340 tepidoque
978 1261 1366 1323 medicamine
1413 1281 1588 1325 aures
1634 1263 1930 1325 inrorabis
1985 1271 2047 1324 et
2092 1280 2230 1324 con·

23 1375 26 1388 ³
192 1350 452 1432 chyliata
496 1350 692 1412 lanula
738 1350 1006 1412 claudes:
1051 1350 1218 1411 valde
1264 1352 1381 1413 hoc
1426 1352 1759 1414 remedium
1802 1355 1963 1414 inter
1999 1353 2230 1433 experi-

191 1446 398 1501 menta
423 1439 718 1501 laudatur.
773 1438 1014 1501 Fraxini
1050 1442 1373 1501 tenerrima
1411 1440 1548 1502 folia
1584 1441 1802 1502 tundes
1842 1450 1902 1503 et
1930 1444 2230 1520 exprimes
2270 1450 2336 1500 15

194 1546 413 1590 sucum
459 1546 664 1590 eorum
715 1535 890 1608 atque
937 1528 1183 1590 auribus
1229 1529 1570 1591 dolentibus
1616 1530 1885 1609 tepidum
1930 1529 2229 1590 infundes.

110 1636 163 1678 15
192 1617 440 1678 Fraxini
484 1625 790 1679 recentem
838 1616 1173 1699 surculum,
1228 1618 1290 1679 id
1348 1626 1441 1679 est
1486 1636 1695 1680 umore
1742 1620 1987 1697 proprio
2035 1615 2229 1678 adhuc
2270 1627 2336 1676 16

189 1706 553 1786 madentem,
599 1726 672 1768 ex
718 1724 835 1767 una
881 1714 1049 1785 parte
1096 1709 1158 1767 in
1206 1707 1339 1768 foco
1385 1725 1573 1786 pones
1620 1714 1682 1767 et
1728 1724 1867 1767 cum
1912 1724 2021 1786 per
2059 1704 2232 1766 aliam

190 1803 429 1876 partem
467 1814 652 1857 sucus
688 1795 951 1877 ebulliet,
998 1798 1292 1876 suscipies
1330 1814 1467 1856 eum
1505 1795 1823 1874 diligenter
1865 1802 1927 1855 et
1963 1794 2094 1855 oleo
2133 1795 2231 1855 ad-

194 1885 322 1945 dito
370 1885 731 1963 tepefactum
776 1884 1022 1947 auribus
1068 1884 1401 1947 instillabis.
1475 1884 1698 1946 Cardui
1735 1884 1989 1945 silvatici
2026 1901 2229 1945 semen
2272 1894 2335 1944 17

195 1992 271 2034 ex
319 1972 449 2034 oleo
496 1991 720 2053 coques
764 1975 848 2035 ita
900 1973 1141 2047 leniter,
1198 1993 1274 2035 ne
1322 1982 1558 2055 uratur,
1616 1975 1775 2053 quod
1821 1980 2028 2053 postea
2077 1971 2229 2033 cola·

108 2083 164 2123 20
195 2062 291 2123 bis
348 2080 458 2141 per
507 2062 820 2123 linteolum
877 2072 935 2123 et
990 2063 1259 2142 tepidum
1315 2063 1594 2124 infundes
1650 2062 1873 2124 dolenti
1929 2061 2229 2124 auriculae

195 2170 266 2212 ac
314 2151 527 2211 deinde
574 2151 705 2212 lana
751 2170 1053 2232 purpurea
1099 2152 1424 2213 obturabis,
1517 2151 1717 2233 Croci,
1769 2170 2028 2233 myrrae,
2074 2153 2228 2212 turis
2269 2161 2334 2210 18

194 2241 409 2301 uncias
465 2248 783 2319 quaternas
839 2249 1115 2302 conteres
1162 2249 1223 2302 et
1267 2241 1490 2303 adicies
1537 2241 1654 2302 mel
1698 2241 1988 2322 Atticum,
2047 2259 2228 2320 quan·

194 2337 329 2391 tum
374 2329 653 2391 sufficere
694 2332 1014 2411 putaveriS,
1061 2348 1130 2391 ac
1168 2329 1483 2392 decoctum
1520 2331 1888 2392 medicamen
1927 2328 2226 2391 auriculae

196 2418 497 2479 infundes,
589 2417 915 2480 Galbanum
971 2438 1109 2480 cum
1165 2418 1295 2480 oleo
1349 2436 1595 2480 rosaceo
1650 2421 1968 2480 remissum
2023 2424 2084 2477 et
2136 2426 2229 2478 ter
2267 2428 2331 2476 19

108 2526 166 2569 25
198 2516 303 2569 aut
349 2514 560 2586 quater
604 2507 870 2569 infusum
916 2507 1162 2569 auribus
1208 2509 1359 2568 mire
1407 2506 1643 2569 dolores
1688 2506 1858 2568 tollit.
1936 2504 2228 2566 Aluminis
2264 2516 2332 2566 2ο

195 2596 417 2676 liquidi
456 2628 529 2639 —
564 2595 691 2677 1111,
729 2596 921 2657 mellis
963 2629 1041 2641 -
1073 2596 1171 2677 111,
1219 2598 1375 2657 aceti
1422 2598 1755 2675 quartarios
1793 2603 1946 2676 tres3
1993 2594 2227 2655 alumen

200 2703 340 2746 cum
386 2693 553 2746 aceto
599 2693 760 2747 teres
807 2693 868 2746 et
906 2684 1082 2747 simul
1118 2687 1317 2746 omnia
1354 2703 1693 2764 concoques
1730 2684 1802 2745 ad
1841 2686 2076 2765 tertias3
2113 2684 2229 2744 hoc

197 2774 569 2835 medicamen
615 2774 885 2854 tepidum
931 2773 1233 2836 auriculae
1277 2774 1544 2836 infusum
1584 2792 1698 2855 pus
1735 2775 1958 2853 optime
1995 2780 2227 2853 purgat,

199 2882 436 2925 vermes
480 2871 678 2945 necat,
734 2882 946 2943 aquam
994 2865 1172 2924 etiam
1220 2865 1272 2923 si
1317 2865 1628 2924 intraverit
1682 2863 1900 2924 educit.
1991 2860 2224 2923 Herbae
2259 2875 2326 2924 21

115 2974 171 3016 so
199 2951 497 3033 polygoni,
544 2971 720 3032 quam
765 2971 875 3013 nos
922 2950 1330 3031 sanguinalem
1371 2952 1644 3033 dicimuS,
1691 2970 1872 3012 sucus
1910 2968 2229 3030 expressus

201 3051 259 3103 et
306 3042 543 3102 infusus
588 3044 739 3102 mira
784 3042 1046 3103 efficacia
1093 3040 1359 3102 dolorem
1404 3040 1725 3121 ulceraque
1771 3042 2007 3101 aurium
2044 3048 2228 3102 sanat.

23 3131 26 3212 Ι
200 3130 401 3209 Adeps
455 3133 684 3191 anseris
738 3132 1025 3192 miscetur
1085 3132 1250 3192 croci
1305 3148 1449 3191 suco
1505 3138 1568 3192 et
1620 3130 1733 3191 alei
1784 3131 2020 3191 contusi
2066 3148 2229 3209 suco,
2267 3139 2334 3188 22

23 3215 26 3240 ²
203 3238 354 3298 quae
392 3219 588 3281 infusa
625 3219 872 3281 auribus
910 3220 1317 3281 incommodos
1355 3221 1587 3281 sonitus
1614 3221 1985 3298 tinnitusque
2024 3236 2228 3279 earum

343 3378 380 3427 4
424 3372 743 3427 remediant
793 3373 1019 3455 scripsi.-
1072 3373 1262 3427 remed
1318 3373 1383 3427 in
1434 3374 1544 3440 fine
1595 3388 1805 3440 versus,
1858 3370 2230 3425 medebuntur

204 3443 525 3500 Coo-narius.
672 3450 703 3498 5
742 3446 801 3500 et
837 3446 1063 3516 ad1pem
1097 3460 1202 3513 pro
1239 3443 1422 3514 adipe.
1553 3448 1585 3497 6
1622 3442 1803 3497 rafini.
1942 3446 2009 3494 13
2045 3442 2229 3495 tener·

201 3514 348 3570 rimi.
471 3518 537 3569 15
574 3531 841 3571 umorem.
959 3521 1026 3571 16
1064 3519 1123 3570 et
1158 3531 1258 3571 om.
1369 3519 1436 3570 27
1476 3528 1849 3584 conquoques.
1959 3516 2027 3565 29
2064 3527 2229 3579 aqua.

204 3593 270 3642 33
306 3584 697 3643 incommodis.
