2575 4092
983 238 1474 303 -117-

206 401 259 463 X
296 402 369 463 11.
431 402 740 464 Ter-untur
765 401 913 462 haec
942 405 1160 463 siccata
1190 405 1447 483 curiose,
1475 402 1690 463 deinde
1721 403 2085 464 admiscetur
2112 421 2242 482 pas·

208 510 341 552 sum
389 490 722 572 Creticum,
768 499 837 552 ut
882 490 1097 552 habeat
1144 492 1594 571 spissitudinem
1642 490 1863 571 mellis3
1909 510 2047 553 cum
2093 510 2244 570 opus

209 587 329 661 est,
386 582 522 641 vino
577 588 819 641 austero
868 579 1118 642 diluitur
1164 590 1226 642 et
1271 581 1539 642 solvitur.
1620 578 1787 641 Facit
1832 580 1945 642 hoc
1992 581 2244 642 medica·

211 679 480 730 mentum
535 677 597 730 et
651 668 725 729 ad
780 667 1177 730 carbunculos
1246 678 1309 731 et
1362 669 1435 731 ad
1489 672 1691 748 ignem
1745 687 1981 731 sacrum
2045 678 2107 731 et
2168 669 2242 731 ad

155 777 183 817 ⁵
208 775 446 839 zonam,
492 776 669 837 quam
718 756 928 818 Graeci
973 757 1219 838 herpeta
1265 759 1492 821 dicunt.
1585 757 1932 819 Coclearum
1978 759 2243 820 inanium
2281 770 2351 821 3ο

210 855 557 908 exustarum
596 847 748 906 cinis
787 865 923 907 cum
958 846 1132 909 melle
1169 849 1424 927 gingivis
1469 848 1767 926 inpositus
1803 849 1955 908 mire
1982 847 2245 929 prodest,

210 938 263 997 si
309 937 391 997 sit
433 935 581 997 haec
628 935 875 996 adsidue
921 937 1169 998 curatio.
1260 936 1540 1015 Gingivas
1594 936 1827 997 umidas
1882 945 1943 997 et
1988 936 2242 998 fetentes
2278 949 2347 998 31

208 1024 322 1086 hoc
360 1024 751 1085 medicamine
789 1026 940 1085 mire
980 1025 1244 1088 sanabis:
1285 1025 1541 1087 Alumen
1578 1026 1851 1105 scissum,
1887 1032 1987 1086 tus
2016 1043 2243 1087 mascu-

210 1113 355 1193 lum,
385 1113 555 1173 aloen
584 1115 850 1192 epatitim
879 1115 1011 1192 pari
1038 1113 1330 1196 pondere3
1368 1114 1515 1175 haec
1541 1115 1604 1174 in
1635 1113 1938 1194 pulverem
1968 1116 2246 1175 tenuissi-

129 1221 183 1261 ιο
210 1220 377 1264 mum
413 1201 651 1281 rediges
689 1209 750 1262 et
787 1202 963 1263 simul
999 1204 1313 1282 permixtis
1350 1205 1559 1283 uteris,
1594 1204 1678 1264 ita
1713 1211 1784 1264 ut
1814 1205 1984 1283 prius
2014 1221 2080 1264 os
2108 1205 2245 1263 vino

210 1300 415 1353 vetere
444 1290 687 1351 conluas
716 1296 777 1351 et
796 1293 882 1351 sic
903 1293 1153 1371 gingivis
1176 1290 1361 1370 digito
1381 1292 1748 1353 medicamen
1770 1292 2048 1372 adponaS.
2090 1291 2245 1353 Utile

211 1389 305 1441 est
340 1380 644 1440 interdum
681 1379 940 1440 admixto
973 1379 1113 1441 huic
1141 1380 1376 1459 pulveri
1404 1380 1576 1442 melle
1603 1381 1953 1461 despumato
1983 1383 2246 1460 gingivas

210 1472 579 1547 contingere.
641 1467 729 1528 Ad
768 1470 1139 1547 gingivarum
1176 1471 1427 1531 nimium
1466 1478 1760 1531 tumorem
1799 1477 1861 1530 et
1897 1469 2147 1530 fetorem
2187 1479 2245 1529 et
2282 1482 2351 1532 32

211 1559 611 1618 carcinomata
637 1557 1007 1618 medicamen
1035 1557 1149 1618 hoc
1178 1558 1360 1619 facies
1389 1559 1772 1619 decrescente
1800 1558 1940 1618 luna
1968 1557 2066 1617 die
2092 1556 2247 1617 lovis

131 1666 184 1706 15
213 1649 329 1708 sic:
393 1646 628 1725 Piperis
673 1664 854 1726 grana
900 1665 1114 1707 novem
1160 1646 1421 1708 torrebis
1477 1664 1612 1707 cum
1667 1646 1901 1707 modico
1948 1644 2139 1706 lasere
2186 1653 2247 1706 et

211 1734 584 1797 cucurbitam
635 1737 853 1795 siccam
901 1735 1200 1796 conbures
1246 1744 1308 1796 et
1353 1743 1533 1815 caput
1578 1734 1786 1795 sardae
1832 1733 2131 1795 conbures
2179 1752 2247 1795 ac

210 1826 531 1904 separatim
586 1825 782 1885 omnia
838 1823 1291 1903 diligentissime
1346 1834 1526 1906 tereS,
1580 1826 1660 1885 ita
1717 1832 1787 1883 ut
1830 1824 1893 1883 in
1939 1822 2244 1901 pulverem

212 1914 632 1974 tenuissimum
671 1913 1037 1992 redigantur,
1083 1931 1273 1992 eoque
1321 1915 1482 1974 sicco
1529 1914 1796 1992 gingivas
1834 1929 2116 1990 asperges
2154 1911 2245 1971 vel

214 2004 526 2081 continges
573 2010 633 2062 et
674 2021 812 2062 cum
857 2004 1077 2063 iterum
1114 2001 1396 2063 adhibere
1433 2001 1692 2062 volueris
1728 2001 2245 2080 medicamentum,

17 2107 25 2112 ⁴
134 2108 189 2148 20
217 2093 356 2151 vino
392 2099 594 2152 vetere
633 2090 787 2151 bono
831 2109 898 2150 os
937 2090 1130 2171 elues3
1177 2090 1282 2151 sed
1321 2089 1438 2151 illis
1475 2090 1705 2172 diebuS,
1744 2089 1961 2169 quibus
1998 2088 2245 2149 adhibes

214 2181 602 2259 curationem,
640 2178 836 2240 oleum
874 2177 934 2240 et
972 2182 1278 2258 porcinam
1319 2198 1438 2240 non
1474 2179 1886 2260 manducabis3
1933 2196 2052 2257 quo
2089 2178 2244 2238 facto

212 2268 385 2329 facile
432 2276 493 2329 te
540 2267 809 2328 absolves
857 2286 1039 2346 supra
1077 2270 1300 2348 scripta
1345 2271 1507 2329 omni
1545 2268 1815 2329 molestia
1853 2269 2243 2347 gingivarum.

215 2357 303 2417 Ad
353 2356 571 2439 ulcera,
619 2375 770 2435 quae
817 2367 1145 2418 nascuntur
1188 2360 1397 2437 pueris
1436 2358 1524 2418 vel
1562 2357 1888 2418 infantibus
1929 2357 2246 2435 utriusque
2283 2366 2351 2416 33

216 2464 395 2507 sexus
442 2447 504 2506 in
552 2463 655 2506 ore
704 2455 806 2506 aut
852 2448 913 2505 in
961 2449 1203 2525 gutture
1251 2454 1354 2506 aut
1397 2448 1461 2507 in
1500 2445 1824 2526 stomacho,
1870 2463 2022 2525 quae
2063 2443 2247 2524 pluri·

132 2552 186 2593 25
215 2534 330 2595 bus
378 2553 498 2595 uno
544 2542 815 2613 tempore
863 2533 1056 2595 solent
1100 2534 1372 2596 accidere
1419 2542 1480 2595 et
1525 2534 1659 2595 ideo
1700 2533 2110 2614 pestilentiosa
2147 2551 2248 2612 ap-

215 2623 541 2706 pellantur,
587 2623 756 2684 valde
802 2622 949 2684 utile
995 2631 1088 2684 est
1133 2623 1416 2684 adhibere
1463 2623 1831 2685 medicamen
1877 2621 2248 2684 huiusmodi:

215 2711 468 2793 Myrrae,
513 2712 685 2773 nardi
727 2712 971 2792 Syriaci,
1017 2711 1295 2773 aluminis
1342 2713 1485 2792 fissi,
1532 2714 1702 2793 costi,
1748 2711 1932 2791 gallae
1973 2710 2247 2791 Syriacae

214 2803 594 2883 immaturae,
639 2803 838 2862 carnis
884 2802 1131 2879 agninae
1177 2801 1404 2884 aridae,
1451 2802 1694 2863 corticis
1739 2800 2030 2861 malorum
2071 2798 2249 2861 Puni·

216 2909 453 2971 corum,
508 2892 775 2952 omnium
828 2891 995 2969 paria
1048 2890 1313 2968 pondera
1371 2908 1643 2950 seorsum
1689 2889 2142 2950 contunduntur
2188 2895 2249 2949 et

134 2996 187 3037 so
214 2989 423 3058 postea
459 2982 524 3039 in
563 2997 749 3041 unum
786 2980 1117 3039 miscentur
1154 2986 1332 3057 atque
1369 2978 1508 3039 inde
1546 2979 1763 3040 dantur
1801 2977 1873 3038 ad
1908 2978 2066 3038 diem
2093 2976 2246 3037 duae

216 3067 443 3148 cotylae
481 3086 618 3129 cum
655 3069 779 3128 vini
808 3069 1034 3128 austeri
1063 3067 1272 3147 cyatho
1301 3086 1439 3128 uno.
1496 3066 1633 3128 Mali
1660 3067 1872 3128 Punici
1897 3066 2064 3128 floris
2094 3065 2145 3125 X
2173 3065 2245 3146 11,
2282 3076 2352 3125 34

215 3175 451 3236 myrrae
489 3156 542 3217 X
579 3156 648 3239 11,
695 3155 971 3235 aluminis
1008 3156 1133 3216 fissi
1171 3153 1223 3215 X
1260 3156 1333 3238 Π,
1380 3158 1544 3217 croci
1580 3155 1632 3215 X
1669 3156 1740 3218 11.
1805 3154 2005 3217 Pulvis
2044 3173 2116 3215 ex
2153 3154 2248 3214 his

215 3248 607 3307 tenuissimus
663 3246 857 3306 factus
911 3244 1252 3307 insufflatur
1320 3264 1429 3325 per
1483 3244 1836 3306 arundinem
1893 3243 2050 3323 quod
2104 3244 2249 3303 satis

215 3337 292 3396 sit
349 3334 625 3396 faucibus
680 3334 773 3395 vel
828 3335 1107 3415 gingivis3
1163 3334 1323 3413 quod
1381 3334 1600 3394 factum
1657 3343 1718 3395 et
1770 3335 2136 3394 intrinsecus
2187 3337 2248 3391 et

358 3476 392 3525 ὅ
429 3470 742 3538 hex-petam.
891 3475 923 3523 9
963 3469 1253 3539 epatitem.
1393 3474 1463 3523 14
1500 3469 1907 3523 carcenomata..
2044 3471 2114 3520 20
2151 3466 2248 3519 ad·

211 3541 380 3599 hibis.
530 3546 596 3595 21
638 3541 750 3595 olei
784 3542 970 3596 oleum
1009 3543 1150 3608 (sic).
1297 3544 1367 3593 24
1401 3540 1461 3593 in
1496 3539 1828 3595 istomaeho.
1965 3544 2032 3592 27
2061 3538 2246 3593 mirre.

211 3620 272 3669 31
324 3612 575 3682 cotylae]
615 3612 915 3666 drachmae
956 3610 1274 3667 Gornarius.
1423 3614 1604 3677 cyato.
1748 3615 1818 3663 34
1855 3607 2024 3663 facto.
