2575 4092
995 244 1435 308 -67-

210 404 418 467 lavabis
483 415 542 467 et
610 424 919 487 expressas
985 405 1201 468 sabano
1268 406 1549 489 siccabis,
1613 407 1826 469 deinde
1894 407 2109 469 tundes
2168 409 2231 469 in

208 496 405 575 pisone
461 503 796 556 marmoreo
853 504 915 557 et
964 513 1173 557 sucum
1229 495 1370 556 inde
1415 495 1599 557 linteo
1646 499 1870 558 intorto
1917 498 2234 578 exprimes,

209 594 326 644 tum
371 585 585 645 leviter
629 584 702 645 ad
745 583 1035 645 carbones
1076 583 1493 663 despumatum
1534 585 1852 664 tepefacies
1890 593 1952 647 et
1990 584 2233 647 naribus

208 672 501 754 infundes,
556 675 637 733 ita
686 681 754 734 ut
800 675 850 733 is
897 675 997 734 cui
1042 672 1379 734 medeberis
1435 691 1647 752 aquam
1707 674 1962 753 tepidam
2019 676 2079 735 in
2126 692 2231 735 ore

162 777 185 817 ε
209 764 526 843 contineat,
593 770 654 823 et
718 763 771 823 si
833 779 991 823 unus
1055 761 1266 824 oculus
1330 761 1647 843 laborabit,
1713 763 1979 824 diversae
2044 764 2229 842 partis

207 867 372 911 nares
409 851 692 912 infundes
729 858 791 911 et
827 850 1000 912 melle
1038 850 1233 912 Attico
1272 852 1598 931 continges,
1673 850 1738 912 Si
1775 859 1971 913 tamen
2009 851 2230 912 videris

206 939 400 1000 oculos
446 942 581 1001 suci
618 938 777 1001 illius
815 939 1113 1000 infusione
1153 938 1442 1021 turbatos,
1487 939 1726 1020 herbae,
1775 958 1952 1020 quam
1990 939 2228 1020 quidam

207 1027 554 1091 cerebellum
594 1031 758 1089 canis
796 1026 1109 1110 appellant,
1146 1028 1314 1089 radix
1347 1047 1420 1089 ex
1457 1046 1607 1107 aqua
1645 1028 2002 1108 decoquitur
2038 1047 2230 1108 eoque

40 1190 41 1195 γ
207 1134 399 1178 umore
455 1117 617 1179 oculi
662 1117 948 1178 adversus
996 1116 1312 1197 epiphoras
1358 1117 1587 1179 utiliter
1635 1118 1924 1180 foventur.
2017 1117 2229 1179 Farina
2268 1132 2336 1182 33

136 1219 180 1259 10
203 1204 494 1267 hordiacia
551 1215 612 1268 et
666 1204 814 1285 galla
862 1214 1110 1267 contusa
1157 1224 1294 1267 cum
1341 1224 1493 1286 aqua
1536 1209 1828 1287 permixta
1879 1213 1940 1268 et
1985 1206 2231 1268 collecta

205 1294 381 1356 oculis
446 1313 584 1357 cum
654 1303 859 1375 tepore
926 1296 1180 1374 inposita
1241 1302 1507 1357 tumores
1564 1294 1920 1376 doloresque
1976 1295 2230 1357 sedabis.

203 1382 584 1445 Coriandrum
649 1383 837 1444 viride
893 1385 1103 1445 tritum
1159 1383 1416 1463 laetique
1472 1383 1742 1446 mulieris
1794 1387 2110 1446 inmixtum
2167 1393 2228 1446 et
2263 1399 2336 1448 34

202 1473 563 1534 tumentibus
612 1472 706 1533 vel
747 1470 1087 1533 dolentibus
1125 1471 1317 1534 oculis
1353 1473 1690 1552 adpositum
1729 1475 1928 1536 statim
1964 1473 2228 1556 prodest,

203 1561 348 1622 idem
393 1570 454 1623 et
500 1564 706 1641 apium
752 1569 1015 1640 praestat
1060 1561 1334 1623 similiter
1379 1563 1721 1641 inpositum.
1813 1561 1934 1623 Ros
1971 1561 2226 1624 caeleste
2264 1576 2332 1626 36

133 1662 179 1704 1⁶
201 1667 367 1712 manu
416 1650 641 1712 munda
698 1649 1012 1734 collectum
1071 1658 1131 1711 et
1187 1657 1358 1711 rutae
1405 1650 1703 1712 silvaticae
1752 1659 2034 1711 contusae
2082 1667 2228 1712 suco

200 1739 516 1801 admixtum
555 1742 619 1800 in
658 1738 932 1819 plumbea
969 1738 1183 1820 pyxide
1223 1737 1618 1819 reconditum,
1655 1756 1791 1800 cum
1840 1755 1991 1817 opus
2028 1738 2228 1820 fuerit,

199 1828 502 1891 adversum
554 1828 871 1908 epiphoras
916 1828 1228 1890 oculorum
1266 1827 1450 1888 fronti
1487 1834 1548 1888 et
1584 1826 1923 1908 superciliis
1958 1828 2227 1906 inpones.

198 1915 352 1998 Vino,
388 1921 452 1979 in
491 1935 615 1996 quo
654 1915 858 1978 laurus
895 1917 1079 1978 fuerit
1113 1916 1417 1998 decoctus,
1454 1914 1613 1978 oculi
1649 1916 1758 1976 foti
1784 1913 1989 1977 dolore
2018 1924 2226 1994 poten·
2264 1930 2333 1981 36

199 2007 413 2068 tissime
452 2005 829 2068 levabantur.
905 2005 1086 2085 Spina
1123 2004 1253 2067 alba
1292 2005 1583 2067 conbusta
1621 2012 1681 2066 et
1717 2004 1871 2066 bene
1909 2006 2047 2065 trita
2087 2022 2223 2066 cum
2262 2019 2330 2069 37

130 2104 175 2148 20
200 2112 298 2155 ovo
353 2093 707 2176 superinlita
762 2092 856 2155 vel
908 2097 1153 2156 inuncta
1204 2094 1371 2156 sedat
1428 2095 1676 2155 mirifice
1733 2092 1972 2155 dolores
2027 2093 2225 2155 oculo·

198 2201 340 2245 rum.
412 2182 615 2246 Gallae
662 2185 952 2245 contritae
991 2185 1263 2264 turisque
1302 2185 1432 2264 pari
1469 2183 1643 2244 modo
1680 2182 1876 2263 pulvis
1912 2185 2050 2245 vino
2087 2202 2222 2264 per·
2260 2198 2330 2248 38

197 2274 406 2335 mixtus
474 2280 540 2334 et
605 2272 787 2333 fronti
842 2271 1050 2334 inlitus
1105 2281 1400 2334 tumorem
1456 2270 1765 2334 oculorum
1831 2271 2216 2352 doloremque

199 2361 368 2423 sedat.
462 2360 691 2423 Crebro
748 2360 1124 2422 lacrimantes
1179 2360 1385 2422 oculos
1439 2368 1507 2422 ut
1561 2363 1853 2442 exsicceS,
1909 2360 2215 2423 lucernam
2262 2375 2329 2425 39

197 2449 317 2510 oleo
372 2451 621 2512 cedrino
676 2448 965 2529 repletam
1021 2467 1448 2529 accensamque
1498 2453 1877 2530 superposito
1924 2449 2017 2511 vel
2061 2452 2225 2512 iuxta

126 2550 174 2592 2⁵
200 2556 482 2619 suspenso
533 2556 717 2600 aeneo
764 2538 1003 2600 vasculo
1050 2540 1330 2618 permitte
1375 2540 1676 2621 consumi,
1729 2538 1868 2600 inde
1917 2536 2224 2617 fuliginem

198 2627 496 2690 collectam
552 2631 614 2689 in
670 2627 884 2708 pyxide
940 2630 1182 2707 cyprina
1239 2627 1496 2688 reconde
1553 2634 1614 2689 et
1659 2645 1797 2689 cum
1842 2644 1994 2706 opus
2040 2627 2224 2689 fuerit

195 2717 424 2800 inunge,
463 2716 793 2778 miraberis·
814 2715 1137 2777 efficaciam
1175 2714 1608 2778 medicamenti.
1680 2714 1973 2795 Caprinus
2011 2734 2222 2777 caseus
2259 2729 2328 2779 40

197 2821 398 2868 recens
456 2805 802 2885 coagulatus
849 2822 1031 2883 supra
1077 2803 1281 2865 oculos
1328 2806 1561 2884 positus
1608 2803 1843 2865 dolores
1889 2806 2008 2867 cito
2055 2804 2216 2866 lenit.

196 2891 453 2957 Rumicis
493 2894 745 2956 silvatici
775 2894 1036 2955 radicem
1074 2892 1213 2955 luna
1251 2892 1638 2954 decrescente
1675 2892 1884 2972 collige
1922 2900 1984 2955 et
2022 2898 2221 2955 tecum
2258 2909 2324 2957 41

130 2991 174 3033 ω
197 2980 403 3045 habeto
451 2983 836 3045 nitidissime:
882 2982 1166 3061 quamdiu
1204 2999 1333 3042 eam
1369 2991 1570 3044 tecum
1605 2980 1906 3062 habueris,
1952 2999 2073 3043 non
2110 2981 2217 3062 lip-

197 3073 333 3148 pieS.
389 3073 766 3134 Democritus
793 3072 1081 3153 adfirmat,
1121 3070 1256 3132 felle
1279 3070 1540 3150 hyaenae
1568 3074 1620 3133 si
1648 3071 1813 3133 frons
1841 3070 2219 3154 perfricetur,
2255 3086 2323 3135 42

198 3161 508 3240 epiphoras
534 3162 889 3240 incipientes
919 3169 978 3221 et
1007 3178 1241 3222 omnem
1271 3158 1581 3222 oculorum
1609 3159 1873 3221 dolorem
1913 3178 2089 3240 posse
2128 3178 2216 3221 se·

198 3247 334 3311 dari.
410 3249 473 3310 Si
519 3248 786 3310 mulieris
835 3250 1029 3330 saliva,
1077 3267 1227 3329 quae
1273 3267 1493 3328 pueros
1540 3267 1659 3310 non
1697 3248 1924 3328 puellas
1961 3247 2217 3310 ediderit
2255 3262 2321 3314 43

199 3345 253 3397 et
291 3338 646 3400 abstinuerit
682 3356 746 3399 se
784 3338 976 3418 pridie
1015 3339 1150 3398 vino
1189 3346 1250 3398 et
1287 3336 1439 3399 cibis
1475 3337 1807 3399 acrioribus
1845 3344 1905 3398 et
1940 3338 2217 3417 inprimis

130 3434 175 3476 ³⁵
199 3426 247 3485 si
287 3445 435 3507 pura
483 3436 546 3489 et
591 3426 774 3488 nitida
823 3428 954 3507 erit,
1000 3425 1247 3505 angulos
1294 3426 1601 3488 oculorum
1650 3428 1935 3506 tetigeriS‚
1982 3441 2217 3485 omnem

337 3620 400 3671 10
437 3614 701 3671 ordiacia..
869 3619 934 3669 16
972 3612 1182 3683 pixide,
1346 3618 1412 3668 27
1453 3612 1718 3681 efficacia..
1871 3616 1942 3668 30
1976 3610 2219 3683 lyppies.

1830 3702 1895 3754 ὅ*
