2575 4092
1137 227 1572 293 ...78-

340 391 446 452 das
501 399 560 452 et
616 391 688 452 ad
743 390 1055 471 palpebras
1103 408 1345 470 asperas
1392 392 1645 472 utimur,
1693 391 1849 470 quod
1899 392 2035 470 quia
2083 410 2157 452 ex
2204 400 2368 471 quat-

340 489 477 541 tuor
532 480 714 541 rebus
770 488 836 543 ut
893 479 1174 562 quadriga
1232 483 1404 560 equis
1460 488 1693 541 constat
1739 487 1800 540 et
1845 480 2073 540 celeres
2119 481 2364 542 effectus

339 568 543 650 habet,
591 569 796 630 harma
843 568 1089 650 dicitur3
1136 570 1353 648 recipit
1397 569 1571 630 haec·
1617 570 1789 630 Aeris
1835 570 1959 629 usti
2003 568 2056 629 X
2102 568 2228 650 1111,
2274 578 2364 630 tu-

338 676 475 718 reae
514 658 745 719 arboris
784 660 1027 720 corticis
1064 656 1116 718 X
1154 657 1280 740 IIII,
1319 659 1670 718 ammoniaci
1706 666 1908 736 guttae
1948 656 1999 717 X
2028 657 2152 739 IIII,
2199 676 2361 737 gum·

339 749 452 807 mis
509 746 560 807 X
606 746 739 829 11113
796 755 1078 808 teruntur
1128 747 1276 808 haec
1332 765 1404 808 ex
1462 765 1614 826 aqua
1659 746 1917 825 pluviali.
2012 745 2139 807 Hoc
2187 749 2362 808 etiam
2389 761 2423 803 ⁵

338 846 769 915 superunctum
818 836 890 897 ad
937 854 1262 915 puerorum
1311 835 1627 915 epiphoras
1673 842 1734 896 et
1771 837 1875 914 qui
1911 853 2028 896 non
2069 836 2365 897 sufferunt

235 938 334 987 119
349 928 688 986 unctionem
739 928 959 1004 optime
1009 926 1162 986 facit.
1241 924 1564 1005 Collyrium
1612 923 1771 1004 quod
1820 926 2058 1004 proprie
2106 925 2247 985 facit
2290 924 2362 985 ad

336 1014 768 1094 aspritudinem
822 1013 1241 1093 palpebrarum
1299 1023 1358 1074 et
1405 1013 1819 1094 callositatem,
1874 1020 2113 1092 oportet
2167 1022 2364 1074 autem

337 1111 440 1164 aut
469 1102 743 1164 subicere
774 1102 1083 1182 specillum
1111 1102 1431 1181 palpebrae
1470 1109 1573 1162 aut
1608 1104 1907 1163 invertere
1945 1105 2133 1181 ipsam
2166 1102 2363 1181 palpe-

336 1192 504 1252 bram
553 1199 612 1252 et
659 1192 746 1253 sic
791 1194 1108 1271 inungere,
1168 1194 1410 1271 recipit:
1485 1191 1654 1251 Aeris
1704 1192 1825 1252 usti
1872 1189 1923 1250 X
1958 1190 2147 1271 XIIII,
2193 1209 2360 1252 aeru—
2391 1206 2457 1247 ιο

336 1283 490 1360 ginis
537 1280 590 1341 X
627 1279 727 1361 VI,
776 1282 938 1341 croci
982 1279 1061 1360 X,
1099 1298 1333 1360 myrrae
1382 1278 1433 1340 X
1469 1280 1521 1362 1,
1580 1280 1771 1341 casiae
1817 1280 1986 1341 rufae
2032 1279 2367 1341 fistularum

336 1371 631 1430 victoriati
677 1369 911 1449 pondus
922 1416 939 1450 ,
995 1371 1221 1448 piperis
1268 1368 1389 1429 albi
1433 1387 1614 1449 grana
1660 1368 1828 1450 XLV,
1884 1370 2140 1449 gummis
2187 1368 2364 1429 dena-

334 1460 458 1519 rios
517 1476 744 1519 novem.
838 1458 986 1519 Cum
1043 1460 1176 1518 vino
1223 1457 1371 1519 Chio
1427 1458 1574 1519 haec
1630 1465 1912 1519 teruntur
1962 1466 2022 1519 et
2070 1460 2155 1518 sic
2203 1456 2363 1518 colli-

232 1558 332 1609 120
346 1556 586 1625 guntur.
660 1547 748 1608 Ad
797 1546 1212 1627 palpebrarum
1260 1549 1639 1608 veterrimam
1679 1547 2111 1625 aspritudinem
2158 1553 2219 1607 et
2264 1564 2362 1607 ex-

336 1644 704 1697 crescentem
753 1654 1020 1720 carnem,
1068 1654 1243 1716 quam
1292 1638 1546 1717 sycosim
1593 1635 1806 1697 Graeci
1850 1644 2089 1716 vocant,
2134 1638 2194 1695 in
2243 1653 2362 1714 qua
2391 1650 2457 1693 15

335 1734 426 1786 est
473 1724 688 1786 callum
747 1724 1161 1806 durissimum3
1218 1734 1311 1786 est
1366 1732 1565 1786 autem
1620 1723 1912 1803 liquidum
1969 1723 2363 1785 medicamen-

336 1824 487 1895 tum,
545 1814 703 1894 quod
751 1814 885 1875 ideo
930 1814 1116 1895 hygra
1163 1812 1520 1894 appellatur,
1568 1813 1724 1892 quod
1776 1815 1954 1874 etiam
2001 1831 2241 1874 carnem
2287 1831 2361 1873 ex

332 1902 633 1982 palpebris
678 1902 833 1963 tollit
880 1905 1009 1963 sine
1056 1921 1267 1982 magno
1317 1902 1546 1982 dolore,
1602 1903 1820 1982 recipit
1863 1902 2037 1963 haec:
2111 1901 2361 1982 Myrrae,

334 1993 488 2053 turis
497 2038 515 2072 ,
563 1993 751 2073 croci,
797 1992 995 2070 misni,
1043 1991 1412 2069 singularum
1450 1993 1787 2070 specierum
1827 1990 2101 2052 denarios
2138 1999 2366 2072 ternos,

333 2079 667 2140 chalcitidis
714 2077 766 2139 X
804 2078 894 2139 VI.
978 2078 1137 2140 Haec
1185 2088 1466 2141 teruntur
1512 2078 1827 2159 diligenter
1875 2098 1946 2140 ex
1994 2088 2161 2141 aceto
2208 2080 2365 2160 acri3
2391 2093 2457 2135 ao

332 2167 438 2228 ubi
500 2167 652 2228 levia
713 2168 864 2229 facta
935 2176 1114 2228 erunt
1177 2175 1237 2229 et
1292 2168 1599 2229 habebunt
1672 2168 2120 2248 spissitudinem
2184 2169 2366 2248 passi,

331 2257 618 2317 miscetur
676 2256 770 2317 his
827 2256 1017 2317 mellis
1072 2256 1255 2318 Attici
1308 2256 1369 2318 P.
1417 2258 1471 2336 13
1539 2258 1752 2318 deinde
1817 2259 1880 2319 in
1933 2258 2148 2337 patella
2204 2258 2364 2318 aeris

334 2344 537 2425 Cyprii
583 2364 764 2425 super
811 2344 1100 2406 carbones
1147 2349 1341 2425 posita
1386 2347 1747 2427 infervescit‚
1795 2345 1984 2408 donec
2030 2345 2224 2407 mellis
2260 2344 2365 2405 ha-

340 2433 473 2494 beat
519 2452 640 2495 non
686 2437 934 2495 nimium
981 2434 1191 2514 liquidi
1238 2435 1718 2518 spissitudinem,
1772 2442 1951 2515 atque
1997 2437 2079 2495 ita
2125 2436 2365 2513 reponi-

338 2532 441 2584 tur
486 2524 547 2583 in
594 2523 809 2603 pyxide
857 2527 1011 2585 aeris
1050 2523 1271 2604 Cyprii.
1340 2523 1489 2585 Cum
1536 2542 1687 2604 opus
1734 2532 1844 2605 est,
1890 2525 2208 2585 invertitur
2243 2522 2369 2602 pal·
2401 2538 2464 2579 25

336 2611 519 2691 pebra
578 2622 637 2673 et
692 2630 801 2691 per
856 2612 1165 2692 specillum
1220 2613 1555 2692 adponitur.
1647 2613 1819 2685 Quod
1867 2612 2371 2674 medicamentum

337 2700 681 2761 suffricatur
746 2703 982 2762 curiose
1048 2704 1108 2762 in
1174 2702 1346 2763 oculo
1404 2702 1475 2763 ad
1533 2701 2072 2763 delacrimationem
2137 2709 2196 2762 et
2258 2699 2371 2761 ubi

338 2789 585 2850 desierit
625 2790 920 2872 mordere,
967 2808 1179 2851 rursus
1217 2792 1436 2852 inverti
1471 2791 1771 2870 oportebit
1806 2791 2147 2870 palpebram
2184 2797 2368 2868 atque

337 2881 416 2939 ita
473 2878 686 2957 pollice
731 2882 1003 2959 inpresso
1059 2879 1437 2941 membranas
1492 2883 1766 2941 innantes
1825 2881 2150 2964 adducere,
2210 2896 2368 2957 quae

330 2967 500 3027 facile
558 2968 1029 3049 subsequentur3
1092 2976 1228 3047 post
1287 2968 1406 3030 hoc
1472 2971 1711 3029 cinereo
1778 2967 2021 3049 collyrio
2078 2987 2152 3029 ex
2208 2986 2366 3047 aqua
2396 2986 2463 3029 so

327 3057 654 3134 inungendi
700 3064 880 3118 erunt
928 3056 1082 3118 oculi
1132 3060 1410 3119 crassius.
1496 3057 1622 3119 Hoc
1664 3057 2161 3119 medicamentum
2209 3056 2364 3118 mul·

328 3153 527 3205 torum
575 3164 864 3206 annorum
913 3144 1095 3207 callos
1142 3154 1203 3207 et
1248 3146 1651 3225 aspritudines
1693 3145 2109 3226 palpebrarum
2149 3145 2363 3225 despe-

326 3242 485 3294 ratas
542 3252 574 3293 a
631 3234 986 3314 quibusdam
1042 3235 1291 3296 medicis
1338 3234 1617 3297 oculariis
1667 3238 1875 3315 paucis
1922 3235 2136 3297 diebus
2185 3234 2365 3297 tollit.

222 3334 323 3384 121
336 3322 659 3403 Collyrium
696 3323 768 3384 ad
807 3323 1025 3405 ulcera,
1062 3324 1310 3403 papulas
1348 3332 1409 3385 et
1447 3324 1790 3404 epiphoras:
1828 3324 2102 3386 Cadmiae
2129 3322 2182 3384 X
2212 3323 2370 3403 VIII,

469 3534 501 3583 9
540 3528 834 3599 specillum
873 3528 1211 3597 Stephanus.-
1248 3528 1531 3599 spicillum
1571 3530 1890 3586 Gornarius.
2040 3536 2105 3585 19
2142 3531 2367 3602 mysios

327 3598 647 3656 Carnarius.
792 3606 861 3657 26
899 3598 1183 3670 spicillum
1222 3601 1539 3658 comarcus.
