2575 4092
996 269 1080 280 --
1178 232 1479 299 195—-

390 396 664 458 Puleium
712 399 924 457 tritum
969 395 1066 457 vel
1110 398 1173 457 in
1218 412 1372 475 aqua
1417 405 1781 457 maceratum
1825 398 2056 458 adiecto
2096 399 2251 459 aceti
2289 411 2359 462 20

209 486 455 567 paululo
503 493 565 547 et
608 492 819 565 potum
864 503 1147 546 nauseam
1184 484 1478 545 stomachi
1516 485 1700 546 sedat.
1772 484 2071 566 Thymbra
2112 488 2251 548 trita
2289 500 2355 549 21

211 594 350 636 cum
398 575 572 636 melle
622 581 857 654 sumpta
901 575 1176 653 pituitam
1224 582 1567 635 concretam
1612 577 1677 635 in
1721 582 1966 653 pectore
2023 584 2086 636 et
2132 582 2249 636 sto·

209 664 409 724 machi
446 663 832 725 collectiones
869 669 1176 743 extenuat3
1218 661 1596 723 marrubium
1632 681 1871 743 quoque
1909 666 2120 726 tritum
2158 664 2249 725 vel

153 770 180 811 5
209 771 395 814 sucus
452 755 580 813 eius
637 770 774 813 curn
831 751 1003 812 melle
1060 760 1273 830 epotus
1322 752 1613 812 stomachi
1659 751 1926 812 dolorem
1971 755 2249 833 protinus

204 841 382 902 tollit.
476 840 712 910 Scordii
758 859 940 901 sucus
986 839 1059 900 ad
1104 858 1449 902 mensuram
1504 840 1734 902 denarii
1785 850 1964 920 potus
2011 860 2247 903 morsus
2285 856 2354 905 22

207 929 503 991 stomachi
568 929 747 1011 tollit3
811 929 987 990 datur
1048 931 1207 990 enim
1271 931 1400 990 sine
1465 928 1632 990 febre
1688 929 2110 1009 languentibus
2174 950 2247 991 ex

203 1018 422 1099 mulso,
468 1016 950 1079 febricitantibus
995 1036 1137 1078 vero
1185 1037 1254 1078 ex
1305 1036 1456 1097 aqua
1502 1018 1711 1080 mulsa.
1795 1017 2002 1080 Polion
2041 1018 2244 1101 herba,
2282 1033 2352 1084 23

203 1127 362 1188 quae
409 1126 442 1167 a
491 1107 845 1186 quibusdam
881 1106 1161 1168 libanotis
1198 1105 1547 1188 appellatur,
1584 1110 1725 1169 trita
1762 1108 1857 1168 vel
1895 1126 2078 1169 sucus
2116 1111 2246 1170 eius

124 1216 176 1256 ιο
204 1215 348 1258 cum
395 1195 569 1257 melle
617 1198 811 1277 tenui,
855 1195 917 1256 id
964 1203 1058 1256 est
1102 1196 1363 1278 modico,
1407 1205 1587 1277 potus
1635 1199 1863 1259 morsui
1909 1203 2135 1259 ventris
2182 1208 2243 1259 et

202 1284 588 1347 stomachicis
657 1285 920 1365 prodest.
1013 1283 1378 1346 Centaureae
1442 1287 1642 1347 tenuis
1707 1304 1889 1348 sucus
1955 1296 2243 1368 quantum
2283 1301 2353 1350 24

200 1376 370 1436 cicer
419 1391 491 1434 ex
538 1393 690 1453 aqua
739 1375 912 1435 datus
959 1373 1339 1435 stomachicis
1385 1375 1650 1453 prodest.
1723 1374 2050 1455 Origanum
2097 1394 2241 1457 quo-

201 1481 325 1542 que
371 1465 585 1524 tritum
630 1481 868 1524 morsus
916 1462 1206 1523 stomachi
1251 1463 1420 1523 sedat
1462 1472 1672 1542 potum
1718 1482 1791 1523 ex
1829 1482 1980 1543 aqua
2018 1465 2244 1546 tepida3

201 1551 468 1613 extrahit
514 1554 674 1612 enim
721 1559 1034 1613 concretos
1080 1550 1364 1631 liquores.
1429 1550 1691 1612 Prosunt
1736 1553 1914 1612 etiam
1952 1553 2242 1631 quaedam
2279 1566 2350 1616 25

120 1659 172 1700 15
197 1644 268 1702 in
318 1659 467 1719 aqua
515 1648 809 1701 macerata
847 1639 1169 1720 stomacho,
1219 1646 1286 1700 ut
1322 1642 1469 1719 pira,
1514 1639 1665 1700 mala
1704 1640 1969 1720 cydonia,
2014 1640 2242 1719 palmae

198 1731 467 1790 cariotae
514 1728 872 1809 Thebaicae,
918 1727 1194 1808 mespila,
1241 1727 1503 1807 capreoli
1550 1728 1623 1789 de
1671 1730 1814 1807 vite,
1868 1746 2038 1789 rosae
2085 1729 2244 1810 folia,

196 1836 528 1897 granorum
566 1818 784 1879 Punici
818 1817 960 1878 mali
1005 1834 1204 1878 sucus
1271 1816 1433 1878 Bene
1480 1817 1622 1878 facit
1669 1819 1845 1878 etiam
1894 1835 2077 1879 sucus
2122 1837 2242 1880 ma-

195 1909 402 1968 lorum
449 1907 850 1986 cydoneorum
906 1924 1016 1984 per
1063 1924 1127 1966 se
1177 1906 1469 1966 cocleario
1517 1914 1791 1985 sumptus
1837 1905 1932 1966 vel
1978 1925 2116 1967 cum
2161 1906 2241 1967 al-

195 1996 370 2076 phita
417 2004 521 2056 aut
564 1996 710 2056 alica
759 2002 863 2056 aut
907 2003 1076 2073 trago
1124 2002 1226 2055 aut
1271 2013 1463 2074 oryza.

115 2105 168 2144 20
387 2083 660 2145 Solutum
698 2091 896 2145 autem
936 2083 1307 2144 stomachum
1347 2092 1407 2144 et
1444 2085 1639 2145 omnia
1682 2085 2031 2144 reicientem
2067 2086 2239 2145 initio
2280 2098 2348 2149 26

198 2173 451 2253 quidem
506 2175 706 2234 curari
762 2182 997 2253 oportet
1051 2180 1247 2252 extra,
1302 2173 1364 2233 id
1420 2181 1512 2233 est
1557 2174 1921 2253 forinsecus,
1982 2175 2241 2253 inposita

198 2266 261 2323 ei
299 2261 526 2323 sertula
555 2261 850 2341 Campana
886 2270 1054 2322 cocta
1093 2280 1164 2321 ex
1203 2263 1340 2322 vino
1378 2268 1579 2322 vetere
1618 2271 1721 2323 aut
1759 2281 1828 2323 ex
1859 2280 2012 2341 aqua
2048 2263 2240 2324 mulsa

197 2350 298 2411 vel
334 2358 566 2430 myrteo
602 2350 734 2411 oleo
772 2353 913 2411 trita
949 2368 1087 2411 cum
1124 2359 1292 2411 aceto
1331 2358 1392 2410 et
1426 2369 1624 2430 myrra
1663 2369 1772 2412 nec
1811 2354 2009 2412 minus
2047 2351 2238 2413 lanam

202 2440 477 2501 sucidam
531 2439 622 2500 vel
677 2441 986 2518 spongiam
1040 2446 1209 2500 aceto
1267 2440 1580 2500 intinctam
1637 2447 1698 2500 et
1753 2457 2093 2519 expressam
2142 2441 2239 2501 ad·

115 2541 171 2582 25
200 2531 350 2608 poni
405 2536 658 2608 oportet.
752 2528 1003 2588 Faciunt
1057 2527 1209 2587 bene
1264 2537 1326 2588 et
1380 2527 1518 2588 folia
1572 2530 1711 2589 vitis
1768 2530 1907 2589 trita
1975 2536 2034 2589 et
2089 2528 2238 2590 mala

202 2618 456 2698 cydonia
511 2619 653 2678 trita
709 2626 770 2678 et
823 2614 1113 2696 palmulae
1170 2617 1345 2677 tritae
1402 2626 1462 2677 et
1517 2616 1821 2696 emplastri
1878 2635 2043 2677 more
2100 2635 2239 2679 cum

203 2714 411 2768 ceroto
458 2724 531 2766 ex
578 2713 806 2786 myrteo
854 2704 984 2766 oleo
1031 2705 1186 2765 facto
1232 2706 1508 2784 imposita
1555 2714 1616 2767 et
1662 2706 1799 2766 solia
1844 2712 2051 2766 tenera
2098 2706 2237 2766 rubi

200 2795 299 2858 vel
343 2796 583 2857 lentisci
626 2794 722 2855 vel
765 2793 1107 2874 portulacae
1154 2803 1257 2855 aut
1302 2796 1452 2854 aizoi
1498 2813 1634 2855 cum
1681 2795 1920 2874 polenta
1968 2814 2040 2855 ex
2087 2813 2237 2874 aqua

202 2885 422 2964 frigida
459 2902 781 2963 consparsa
817 2885 1094 2962 imposita
1128 2892 1400 2960 prosunt.
1466 2882 1791 2945 Fricandae
1831 2891 2030 2945 autem
2059 2896 2239 2944 erunt

113 2989 171 3028 so
200 2974 314 3034 hae
362 2973 741 3035 difficultates
790 2971 1078 3034 stomachi
1132 2989 1244 3031 nec
1287 2973 1488 3032 minus
1535 2973 1808 3053 scapulae
1857 2971 1986 3033 oleo
2033 2978 2236 3033 vetere

203 3063 297 3123 vel
336 3061 683 3142 aliquolibet
719 3061 1093 3123 calefactorio
1134 3068 1456 3139 unguente.
1504 3059 1681 3123 Cibos
1719 3080 1858 3122 vero
1897 3061 2028 3123 dari
2062 3080 2236 3140 opor-

201 3159 292 3212 tet
329 3151 701 3212 huiusmodi:
746 3150 1047 3230 polentam
1085 3167 1220 3210 cum
1257 3166 1433 3228 passo
1470 3159 1755 3231 protropo
1794 3149 1886 3211 vel
1924 3169 2060 3211 cum
2097 3153 2234 3211 vino
2293 3155 2300 3163 '

202 3239 456 3302 Falerno
513 3239 675 3300 dulci
728 3239 820 3300 vel
876 3238 1195 3300 Faustiano
1252 3245 1431 3317 atque
1486 3238 1600 3299 alio
1657 3240 1923 3301 eiusdem
1971 3240 2235 3318 generis3

200 3331 348 3391 item
412 3329 757 3390 lenticulam
814 3347 952 3389 cum
1006 3326 1141 3388 beta
1194 3327 1288 3387 vel
1344 3345 1517 3406 oryza
1571 3330 1825 3389 incoctis
1888 3326 2009 3387 illic
2064 3325 2235 3386 malis

385 3542 452 3592 31
494 3553 531 3591 a
565 3536 844 3590 vocabulis
882 3534 1048 3589 Cibos
1087 3549 1220 3589 vero
1258 3535 1427 3590 codex
1462 3548 1660 3587 rursus
1695 3533 1910 3602 incipit.
2035 3536 2103 3586 33
2141 3531 2236 3587 vel

205 3605 537 3678 Faustiano]
576 3605 678 3661 clo,
720 3605 1016 3661 anbioano.

1808 3690 1916 3746 13*
