2575 4092
1009 262 1113 333 ⁴—
1210 224 1341 291 253
1440 263 1514 272 —

253 393 322 451 in
376 388 610 449 balineo
668 389 729 447 in
786 386 933 448 solio
991 387 1125 449 data
1179 390 1350 467 potui
1404 388 1514 449 hac
1573 388 1907 451 valetudine
1955 389 2292 451 laborantes

253 481 378 540 cito
426 475 796 538 remediabit.

438 566 520 625 Ad
556 567 816 626 nesciam
845 565 1177 626 remedium
1207 567 1321 627 sic:
1361 565 1509 626 Cera
1540 566 1725 628 rubea
1755 576 1814 628 et
1846 576 2079 628 stercus
2108 569 2290 644 canis,
2332 579 2401 630 47

257 656 419 735 quod
458 664 551 715 est
588 653 814 734 album3
849 653 962 714 hoc
1002 656 1124 715 sicc
1161 663 1288 714 tum
1326 657 1389 714 in
1430 655 1554 716 sole
1592 664 1652 717 et
1691 658 1751 716 in
1790 657 2031 717 modum
2070 657 2292 717 farinae

206 762 235 802 5
262 745 594 805 cribratum
640 761 777 804 cum
824 743 1009 803 fuerit
1050 750 1388 823 contusum,
1436 745 1597 805 lento
1638 747 1764 824 igni
1801 763 1973 814 cerae
2009 747 2294 805 remissae

257 833 624 894 admiscetur
678 848 788 910 per
841 840 1044 910 partes
1100 841 1161 891 et
1217 830 1335 892 olei
1381 850 1622 912 parum,
1669 841 1901 894 tantum
1948 841 2016 894 ut
2058 832 2296 894 mollius

257 922 420 983 idem
468 921 762 981 efficiatur
807 920 1201 1001 medicamen3
1260 921 1366 981 sed
1415 930 1586 982 antea
1639 931 1835 983 tamen
1881 921 2294 1002 colocynthide

260 1019 323 1072 et
377 1010 685 1071 centaurio
733 1016 980 1069 curetur
1026 1011 1125 1070 cui
1171 1008 1531 1071 medendum
1577 1019 1702 1090 est,
1749 1017 1843 1089 ut,
1890 1012 1941 1070 si
1989 1028 2108 1072 non
2154 1029 2291 1091 pro-

259 1100 489 1180 fecerit,
537 1097 906 1159 curationem
954 1099 1171 1159 iterum
1218 1096 1515 1159 adhibeas,

1085 1291 1244 1352 CAP.
1292 1291 1492 1355 XXVI.

266 1404 568 1461 Renium
621 1406 692 1460 et
743 1402 1009 1459 vesicae
1067 1403 1421 1459 doloribus
1466 1407 1538 1461 et
1583 1404 1805 1462 causis
1849 1405 2185 1462 universis
2232 1410 2301 1462 et

269 1492 536 1549 calcu-lo
602 1495 674 1548 et
737 1492 1084 1560 draus-iae,
1150 1492 1223 1547 id
1287 1494 1393 1548 est
1454 1493 1693 1550 urinae
1758 1494 2300 1562 difficultatibus,

265 1584 338 1638 et
376 1581 795 1651 stranguriae
829 1593 1099 1636 necnon
1136 1584 1206 1636 et
1241 1581 1649 1638 submeiulis
1684 1583 1984 1638 remedia.
2020 1583 2303 1653 physica.

520 1672 590 1727 et
634 1669 1060 1726 rationabilia
1107 1669 1375 1725 diversa.
1420 1670 1507 1725 de
1554 1670 2058 1741 experimentis.

191 1827 243 1865 10
451 1807 537 1866 Ad
566 1808 801 1867 renium
830 1813 1128 1866 tumorem
1158 1813 1262 1865 aut
1294 1805 1813 1866 exulcerationem,
1868 1805 2059 1867 Etiam
2090 1811 2142 1868 si
2171 1826 2300 1868 san·
2343 1822 2371 1869 1

273 1896 681 1975 guinulentam
738 1896 971 1955 urinam
1030 1895 1164 1973 quis
1218 1894 1420 1974 faciat,
1482 1893 1595 1955 hoc
1651 1895 1914 1956 remedio
1970 1896 2301 1957 sanabitur:

271 1984 465 2046 Rosae
511 1984 708 2045 aridae
756 1982 1054 2062 foliorum,
1100 1985 1412 2060 papaveris
1451 1985 1607 2061 nigri
1645 1985 1906 2065 seminiS‚
1954 1983 2302 2046 nucleorum

271 2077 587 2152 pineorum
625 2075 787 2153 paria
824 2071 1089 2152 pondera
1128 2071 1582 2133 contunduntur
1620 2090 1890 2133 seorsum
1930 2081 1989 2134 et
2027 2075 2089 2133 in
2120 2092 2305 2135 unum

271 2164 629 2242 miscentur3
667 2161 806 2222 inde
845 2160 1022 2221 datur
1059 2168 1349 2239 quantum
1387 2179 1508 2221 nux
1546 2160 1842 2240 iuglandis
1880 2180 1950 2222 ex
1984 2164 2146 2241 passi
2175 2181 2303 2242 cya-

193 2267 244 2308 15
272 2249 394 2311 this
440 2250 673 2311 duobus
719 2259 780 2311 et
824 2267 1014 2329 aquae
1062 2250 1291 2328 cyathis
1336 2249 1549 2311 tribus,

450 2340 577 2399 Alia
614 2339 686 2399 ad
727 2340 962 2399 renium
1000 2338 1264 2399 dolorem
1303 2340 1484 2418 potio,
1524 2356 1674 2416 quae
1713 2341 1890 2400 etiam
1928 2342 2100 2417 quasi
2136 2339 2303 2400 hare·
2344 2352 2375 2401 2

271 2445 409 2488 nam
457 2426 748 2487 sablosam
795 2427 1098 2488 interdum
1147 2427 1427 2505 detrahit,
1474 2429 1691 2505 accipit
1736 2427 1911 2488 haec:
1957 2431 2090 2508 Apii
2132 2432 2306 2489 semi·

271 2518 384 2595 niS‚
431 2516 784 2596 petrosilini,
831 2518 1002 2597 anisi,
1049 2515 1421 2594 singulorum
1463 2515 1513 2574 Χ
1552 2533 1728 2576 senos
1766 2516 1969 2594 denoS,
2006 2516 2182 2577 dauci
2219 2535 2307 2577 se·

270 2606 452 2665 minis
509 2604 560 2664 Χ
597 2603 731 2685 1111,
790 2604 1034 2664 schoeni
1090 2605 1369 2666 denarios
1415 2603 1518 2683 VI,
1574 2606 1738 2664 croci
1784 2603 1835 2663 Χ
1873 2603 2061 2686 XXII,
2118 2604 2309 2666 mellis

192 2709 245 2748 20
273 2700 563 2770 quantum
611 2695 754 2754 satis
800 2693 1113 2755 videbitur.
1188 2693 1344 2753 Hinc
1392 2693 1568 2753 datur
1614 2700 1900 2771 quantum
1947 2692 2189 2772 lupinus
2236 2713 2309 2754 ex

270 2780 465 2841 mellis
512 2780 710 2860 ligulis
756 2782 987 2843 duabus
1035 2791 1096 2843 et
1140 2800 1328 2861 aquae
1377 2780 1604 2861 cyathis
1641 2780 1767 2842 1111.

451 2870 539 2929 Ad
594 2874 829 2932 renium
885 2880 1180 2931 tumorem
1237 2879 1299 2931 et
1357 2870 1621 2931 dolorem
1687 2869 2019 2930 remedium
2081 2867 2309 2947 efficax,
2346 2881 2378 2930 3

271 2956 435 3038 quod
481 2958 622 3018 facit
667 2967 728 3019 et
773 2959 843 3020 ad
892 2961 1174 3020 iocineris
1223 2968 1283 3018 et
1329 2958 1504 3019 lienis
1550 2966 1847 3019 tumorem
1886 2966 1947 3041 et
1983 2957 2056 3018 ad
2093 2956 2305 3036 hydro-

267 3049 439 3127 picos
487 3054 548 3106 et
593 3046 667 3106 ad
713 3065 837 3126 eos,
882 3051 984 3127 qui
1030 3047 1169 3109 mali
1215 3046 1435 3108 coloris
1483 3057 1728 3127 propter
1775 3046 1921 3107 haec
1969 3048 2110 3107 vitia
2148 3057 2307 3107 sunt.

189 3152 242 3194 25
271 3137 509 3215 Accipit
563 3135 737 3196 haec:
802 3135 976 3197 Croci
1034 3136 1084 3197 Χ
1121 3136 1200 3216 Χ,
1257 3136 1431 3197 nardi
1487 3135 1675 3197 Indici
1723 3136 1773 3196 Χ
1808 3135 1886 3216 11,
1944 3137 2097 3196 costi
2145 3134 2195 3194 Χ
2233 3135 2302 3213 11,

267 3225 517 3287 schoeni
559 3222 606 3284 Χ
638 3223 679 3304 1,
718 3226 975 3285 cinnami
1013 3225 1064 3285 Χ
1092 3225 1135 3305 1,
1173 3243 1407 3304 myrrae
1446 3233 1667 3286 stactae
1708 3224 1760 3284 Χ
1788 3223 1832 3305 1,
1871 3223 2064 3285 mellis
2098 3224 2306 3300 optimi

456 3385 484 3432 1
510 3377 840 3433 valitudine.
923 3384 957 3431 4
974 3378 1083 3433 hoc
1102 3395 1204 3434 om.
1291 3385 1323 3434 5
1343 3380 1402 3434 et
1420 3380 1593 3433 lento.
1665 3393 1793 3431 cera
1811 3375 2062 3430 remissa..
2130 3380 2162 3428 6
2192 3381 2317 3443 post

271 3452 465 3519 partes
502 3449 633 3504 add.
663 3447 849 3504 farina.
876 3449 1044 3504 canis.
1156 3452 1428 3518 quantum
1462 3452 1527 3504 ut,
1561 3447 1801 3503 mollior.
1903 3452 1969 3500 14
2005 3445 2313 3517 iuglandis]

271 3522 357 3575 sie
385 3519 641 3576 Scribon.
669 3535 893 3589 quoque.
969 3524 1036 3574 18
1065 3520 1233 3592 anisi]
1261 3520 1429 3576 sanai.
1497 3525 1562 3572 19
1594 3516 1795 3573 scoeni.
1869 3522 1936 3571 21
1967 3517 2184 3571 duabus
2213 3532 2314 3571 om.

275 3597 346 3645 23
388 3590 464 3644 ad
502 3597 629 3647 ante
665 3589 928 3646 iocineris
965 3607 1066 3647 om.
1199 3591 1515 3660 ydropicos.
1654 3594 1723 3642 26
1760 3588 1966 3643 scoeni.
2093 3585 2314 3643 miri-ae.
