2575 4092
1047 236 1432 300 -7-

231 396 517 475 pulmonis
562 395 767 458 labore
815 395 1143 480 vexabitur,
1190 398 1476 459 frenesim
1518 397 1864 480 sustinebit,
1914 407 2076 459 atrae
2113 397 2252 461 bilis

230 486 433 548 infesta
477 488 799 548 commotio
845 486 919 548 ad
966 504 1158 567 usque
1203 489 1409 548 vesani
1455 505 1594 550 eum
1646 487 1867 549 furoris
1917 486 2251 567 periculum

229 575 438 656 trahet,
492 574 815 638 iactabitur
870 574 1139 639 febribus
1194 570 1415 657 acutis,
1469 578 1644 656 inops
1691 578 1885 638 somni
1930 575 2252 656 agitabitur

227 666 572 743 perniciosis
610 664 843 744 vigiliis.
915 664 979 727 Si
1016 665 1254 745 quando
1292 674 1492 727 autem
1529 664 1775 728 morbus
1812 684 1846 727 a
1883 674 2089 728 ventre
2129 684 2251 727 mo·
2288 676 2322 725 4

182 765 205 807 5
227 752 388 834 litur,
444 756 551 834 qui
607 763 668 815 et
721 756 851 834 ipse
896 753 1250 815 multiformi
1295 764 1603 834 grassatur
1647 754 2046 836 incommodo,
2104 754 2252 817 haec

227 844 381 922 signa
428 843 788 922 praemittit:
860 850 1181 923 torquetur
1234 843 1401 906 alvus
1462 853 1523 906 et
1577 853 1885 925 correptos
1941 843 2110 906 cibos
2163 845 2252 906 in·

225 932 537 994 moderatis
574 931 870 994 fluoribus
907 932 1119 1014 fundit,
1165 941 1345 1012 potus
1382 934 1444 994 in
1482 933 1937 997 amaritudinem
1979 934 2252 1015 vertitur,

105 1085 109 1090 ,
224 1020 624 1083 membrorum
679 1023 944 1083 omnium
1000 1024 1269 1084 existunt
1315 1021 1550 1085 dolores
1596 1041 1775 1085 causa
1820 1021 2040 1085 latente
2086 1040 2249 1102 gras·

225 1118 430 1191 santes,
476 1110 674 1172 fervet
704 1112 906 1172 nimiis
934 1110 1259 1173 ruboribus
1287 1129 1509 1192 corpus
1537 1119 1600 1174 et
1625 1113 1818 1174 acutis
1846 1119 2024 1193 atque
2053 1110 2250 1173 occul-

155 1200 295 1260 lotis
338 1199 613 1263 febribus
650 1200 992 1262 inardescit.
1056 1200 1389 1262 Adversum
1422 1200 1567 1263 haec
1606 1209 1815 1265 venter
1853 1210 1947 1262 est
1982 1199 2250 1262 mollien-

223 1287 328 1349 dus
355 1290 482 1350 sine
515 1288 727 1368 grandi
756 1307 903 1351 cura
930 1296 1032 1350 aut
1052 1291 1217 1368 gravi
1236 1289 1684 1352 medicamento.
1722 1289 1870 1352 Nam
1890 1291 1996 1371 qui
2013 1289 2248 1370 lapatho

222 1376 306 1438 vel
333 1377 677 1440 mercuriali
708 1377 893 1440 herba
920 1396 1068 1439 usus
1093 1379 1295 1460 fuerit,
1321 1379 1630 1442 commode
1651 1378 1848 1441 alvum
1874 1377 2250 1460 temperabit.

223 1463 281 1527 Si
316 1485 527 1546 parum
565 1467 842 1547 proficiet
877 1467 1027 1529 haec
1063 1467 1315 1530 medella
1352 1477 1413 1529 et
1449 1487 1631 1550 supra
1669 1469 1828 1530 dicta
1863 1469 2081 1530 indicia
2115 1484 2248 1547 per·

223 1556 602 1637 severabunt,
649 1555 932 1618 decoctus
977 1559 1207 1619 urticae
1253 1575 1437 1619 sucus
1472 1559 1642 1638 potui
1679 1555 1936 1619 dabitur.
2010 1556 2250 1618 Utiliter

157 1654 199 1696 1⁵
223 1647 596 1725 accipiuntur
642 1653 704 1706 et
749 1663 951 1725 cymae
998 1645 1258 1708 caulium
1307 1645 1493 1707 multa
1540 1664 1692 1725 aqua
1728 1645 2113 1707 vehementer
2150 1662 2249 1705 ex·

223 1744 442 1816 coctae,
483 1737 666 1810 etiam
704 1732 1002 1796 brassicae
1039 1752 1216 1797 umor
1251 1733 1427 1795 melle
1469 1734 1729 1795 admixto
1767 1741 1828 1795 et
1855 1751 2098 1813 asperso
2127 1732 2247 1794 sale

220 1828 586 1904 temperatus
615 1821 741 1884 bibi
768 1822 947 1885 debet
982 1824 1054 1885 ad
1084 1823 1463 1885 heminarum
1492 1830 1776 1904 quattuor
1805 1822 2063 1883 modum.
2133 1820 2249 1892 Qui
2286 1830 2320 1880 6

221 1910 356 1974 haec
388 1912 680 1976 adhibere
710 1914 1049 1995 cessaverit,
1086 1912 1182 1975 his
1220 1910 1450 1993 patebit
1475 1913 1732 1994 iniuriis,
1770 1919 1838 1973 ut
1872 1919 1975 1972 aut
2002 1909 2247 1972 ciliacus

220 2000 314 2062 fiat
357 2012 460 2065 aut
506 2001 806 2064 meatibus
853 2004 1047 2082 ruptis
1084 2002 1454 2063 inmoderato
1491 2003 1718 2063 ventris
1754 2001 1946 2063 fluore
1982 2008 2247 2062 vexetur.

153 2099 199 2140 20
220 2086 365 2152 Hinc
419 2091 749 2172 dysinteria
799 2093 993 2152 oritur
1047 2100 1109 2152 et
1162 2089 1374 2153 iliacus
1419 2090 1665 2153 morbus
1710 2099 1771 2152 et
1817 2090 1889 2152 ad
1937 2091 2248 2171 superiora

220 2178 390 2241 fimus
435 2179 784 2242 redundans
839 2181 1095 2241 vomitus
1142 2188 1203 2241 et
1256 2182 1789 2261 empneumatosim
1828 2179 2020 2241 faciet.
2092 2178 2247 2240 Hinc

222 2270 372 2330 seiae
426 2270 630 2349 passio
679 2271 796 2330 erit
859 2268 1148 2349 dolorque
1204 2287 1513 2351 coxarum,
1568 2268 1873 2350 apoplexis
1926 2271 2106 2330 etiam
2151 2267 2248 2329 his

221 2358 549 2437 originibus
589 2359 829 2440 existet3
867 2357 1008 2419 hinc
1055 2366 1116 2419 et
1153 2360 1460 2437 sanguinis
1497 2376 1606 2439 per
1640 2359 1961 2420 interiores
1999 2364 2250 2437 meatus,

221 2444 277 2505 id
306 2455 397 2509 est
424 2466 536 2528 per
564 2446 1070 2527 haemorrhoidas,
1107 2447 1263 2508 fluor
1288 2447 1517 2508 multus
1545 2455 1794 2508 emanat.
1840 2445 2246 2508 Articulorum

149 2541 197 2588 25
224 2552 454 2616 quoque
502 2535 769 2617 morbus,
818 2554 994 2616 quem
1034 2535 1246 2597 Graeci
1281 2536 1581 2597 arthritim
1622 2544 1852 2617 vocant,
1897 2537 2078 2597 istinc
2116 2551 2247 2596 cre·

222 2631 365 2686 atur.
450 2625 604 2687 Cum
650 2642 789 2686 vero
837 2643 909 2685 ex
956 2627 1150 2685 vesica
1198 2626 1452 2686 inminet
1496 2628 1663 2705 origo
1701 2626 1983 2686 vitiorum
2021 2632 2081 2685 et
2117 2625 2246 2703 ipsa
2283 2631 2317 2682 6

221 2729 336 2774 non
371 2717 570 2776 minus
609 2716 806 2775 causis
842 2712 1118 2793 pluribus
1154 2732 1399 2796 nocenS,
1436 2713 1530 2775 his
1577 2712 2112 2794 significationibus
2157 2714 2246 2773 in·

220 2800 536 2882 tellegitur.
600 2802 831 2864 Inflatio
868 2804 1100 2864 vesicae
1137 2803 1325 2885 adest,
1362 2802 1514 2864 solet
1556 2805 1717 2864 enim
1752 2805 1816 2863 in
1854 2821 1984 2864 eam
2019 2800 2246 2865 multus

223 2907 292 2950 ex
335 2891 452 2953 alvi
494 2900 697 2953 meatu
741 2900 954 2953 ventus
1000 2893 1239 2972 inmitti,
1291 2893 1430 2953 inde
1477 2892 1722 2953 adsidua
1768 2892 2050 2971 ructatio,
2106 2890 2244 2951 inde

149 2989 199 3030 ⁸0
222 2980 655 3043 incontinentes
692 2982 959 3060 crepitus
999 2988 1346 3061 egeruntur,
1390 2981 1529 3042 inde
1565 2982 1762 3060 gravis
1800 2997 2065 3061 somnus,
2106 2979 2244 3040 inde

222 3070 389 3131 urina
428 3069 666 3131 sordida
705 3077 764 3131 et
795 3070 912 3130 diri
940 3069 1142 3130 odoris
1172 3072 1439 3149 egeritur
1467 3078 1527 3131 et
1555 3072 1714 3131 circa
1742 3069 2014 3148 genitalia
2043 3077 2246 3130 tumor

225 3161 427 3237 surgit.
502 3157 610 3220 His
655 3176 797 3238 ergo
845 3159 1270 3220 animadversis
1316 3157 1419 3221 tali
1456 3160 1574 3220 erit
1610 3158 2083 3220 subveniendum
2119 3175 2245 3218 me-

363 3336 391 3384 1
431 3330 613 3402 atrae]
653 3329 890 3385 adtrahi.
1073 3336 1105 3385 3
1144 3329 1327 3385 acutis
1363 3345 1464 3385 om.
1633 3335 1698 3384 13
1734 3330 1978 3385 medella.
2003 3334 2101 3384 lm
2128 3345 2244 3384 me-

226 3397 350 3454 dela.
383 3406 487 3458 2m
524 3403 589 3456 in
622 3417 737 3457 ras.
938 3406 1004 3456 1⁷
1041 3400 1162 3455 bibi
1201 3407 1233 3456 1
1241 3418 1298 3456 m
1341 3398 1537 3456 bibere
1574 3406 1694 3457 zm.
1864 3401 2013 3455 hunc
2047 3402 2245 3469 (supra

224 3469 440 3541 lineam)
480 3472 724 3530 modum.
827 3477 894 3527 18
932 3471 1176 3527 ciliacus.
1280 3477 1351 3527 20
1388 3472 1600 3528 orietur
1626 3471 1951 3541 stephanus.
2051 3475 2118 3525 21
2151 3486 2244 3526 en-

223 3542 609 3610 pneumatisin.
789 3542 966 3599 faciet
1000 3548 1098 3598 ,lm
1134 3541 1291 3598 ficiet
1324 3548 1443 3600 2m.
1622 3548 1690 3598 22
1729 3542 1843 3598 scie
1882 3547 1979 3597 ,lm
2015 3540 2246 3597 scietica

226 3613 341 3669 2m.
420 3621 492 3672 24
512 3614 949 3672 aemorrhoidas.
1033 3619 1100 3670 25
1123 3613 1420 3670 aretrisim.
1509 3619 1581 3669 28
1599 3614 1762 3669 adest
1779 3629 1879 3669 om.
1973 3610 2123 3667 enim
2141 3629 2242 3669 om.
