2575 4092
1102 234 1698 319 —202-‘

219 433 286 481 60
324 437 467 481 num
513 418 604 480 lac
651 425 886 479 coctum
935 417 1283 496 frequenter
1331 416 1512 478 bibat.
1586 417 1775 478 Butae
1815 433 2019 478 semen
2057 434 2195 476 cum
2236 415 2362 477 sul-

323 526 474 588 pure
519 508 651 568 vivo
697 508 927 567 minore
975 524 1253 567 mensura
1307 507 1538 567 adiecto
1594 515 1761 567 aceto
1818 507 2113 566 conterito
2168 504 2357 584 idque

323 599 560 658 ieiunus
607 615 779 657 mane
825 601 1079 676 gustam,
1125 597 1347 675 optime
1394 595 1708 655 adversum
1755 594 2021 655 dolorem
2059 594 2358 654 stomachi

219 697 284 746 61
325 687 655 765 accipietis,
715 685 1117 765 Repentinum
1154 683 1444 744 stomachi
1482 683 1746 745 dolorem
1784 693 1910 745 tres
1939 685 2163 762 ceputii
2191 683 2360 761 longi

323 777 561 855 purgati
605 782 666 834 et
712 772 932 853 singuli
977 792 1115 835 cum
1160 772 1334 833 melle
1371 775 1595 852 sumpti
1631 775 1832 835 statim
1869 780 2081 834 sanant
2116 790 2358 834 necnon
2385 787 2413 829 5

325 873 385 925 et
412 873 607 925 terrae
636 863 855 925 malum
875 869 1206 923 comestum
1225 861 1461 923 dolores
1483 862 1772 923 stomachi
1791 862 2069 923 celeriter
2088 863 2358 941 castigat.

218 965 286 1015 62
508 952 876 1013 Solutionem
907 950 1196 1012 stomachi
1222 952 1749 1031 infirmitatemque
1787 952 2099 1013 confirmat
2135 953 2231 1011 ovi
2265 969 2361 1011 se·

325 1044 565 1104 micocti
610 1040 846 1102 vitellus
894 1048 954 1100 et
1000 1039 1184 1118 gallae
1231 1058 1373 1119 pars
1420 1040 1663 1101 dimidia
1707 1043 1865 1121 trita,
1923 1042 1976 1100 si
2021 1047 2157 1100 ante
2205 1039 2359 1101 duas

321 1130 501 1192 horas
548 1148 725 1209 quam
771 1128 944 1190 cibus
990 1136 1263 1188 sumatur
1309 1131 1490 1189 mixta
1534 1129 1680 1190 haec
1728 1148 1863 1190 cum
1902 1131 2041 1190 vino
2075 1129 2358 1189 haurian-

216 1232 284 1280 63
325 1228 440 1299 tur,
488 1220 591 1279 sed
629 1228 830 1278 vetere
867 1226 927 1279 ct
964 1217 1276 1297 tepefacto.
1360 1217 1691 1278 Rancorem
1730 1218 2018 1279 stomachi
2058 1225 2357 1298 temperat
2384 1234 2443 1274 10

323 1325 461 1368 caro
518 1308 757 1367 vaccina
813 1325 884 1367 ex
940 1307 1063 1366 vlni
1117 1313 1177 1366 et
1223 1308 1378 1366 aceti
1424 1325 1610 1386 aequa
1655 1308 1931 1386 portione
1979 1307 2247 1367 discocta
2294 1314 2358 1367 et

323 1396 456 1457 cibo
505 1402 755 1476 sumpta.

216 1498 285 1546 64
500 1483 870 1545 inflationem
928 1483 1218 1544 stomachi
1262 1483 1473 1544 sedant
1517 1482 1797 1563 marathi,
1841 1483 1901 1544 id
1952 1490 2045 1544 est
2088 1483 2358 1566 feniculi,

325 1582 386 1635 et
422 1576 542 1653 apii
577 1572 810 1634 radices
847 1575 909 1634 in
947 1574 1083 1633 vino
1122 1572 1255 1633 albo
1295 1572 1540 1633 odorato
1577 1579 1780 1633 vetere
1819 1573 2077 1653 infusae3
2120 1572 2194 1632 de
2235 1592 2355 1654 quo

324 1667 376 1723 si
420 1665 658 1724 ieiunus
707 1664 840 1742 quis
879 1662 1120 1742 cyathos
1161 1662 1312 1722 duos
1348 1669 1515 1740 potet
1552 1679 1690 1722 cum
1734 1660 1958 1722 calidae
1995 1679 2182 1740 aquae
2224 1681 2354 1742 cya-
2382 1677 2443 1717 15

324 1752 427 1813 tho
482 1754 727 1832 mixtOS‚
793 1753 1015 1830 optime
1072 1753 1417 1830 accipietur.
1509 1750 1696 1811 Butae
1754 1768 1992 1830 quoque
2050 1750 2356 1812 hortensis

322 1840 630 1921 paululum
678 1839 812 1901 cibo
852 1848 1155 1919 sumptum
1192 1839 1288 1899 vel
1325 1841 1385 1898 in
1424 1841 1666 1918 potione
1704 1838 1958 1899 dilutum
1996 1847 2175 1918 atque
2217 1858 2356 1919 epo-

214 1942 283 1992 65
323 1939 450 1991 tum
505 1929 841 1991 inflationes
897 1928 1187 1989 stomachi
1232 1930 1556 2006 conpescit.
1647 1927 2015 1989 Inflationem
2064 1928 2359 1989 stomachi

323 2020 733 2099 potentissime
761 2018 1010 2079 discutit
1037 2018 1213 2078 fimus
1242 2016 1414 2077 vituli
1442 2035 1655 2077 recens
1684 2035 1757 2077 ex
1786 2019 1923 2078 vino
1952 2019 2123 2096 potui
2151 2017 2356 2098 datus3

319 2108 434 2169 hoc
481 2115 542 2168 et
587 2105 822 2167 dolores
870 2109 1000 2166 eius
1042 2125 1115 2166 ex
1157 2106 1379 2184 frigore
1420 2114 1520 2166 aut
1556 2105 1851 2167 cruditate
1889 2106 2133 2168 obortos
2170 2108 2349 2166 mira-
2376 2120 2436 2161 so

320 2195 520 2256 biliter
566 2195 803 2256 mulcet.

213 2297 282 2346 66
498 2283 848 2344 Remedium
894 2282 1207 2362 physicum
1252 2300 1533 2361 magnum
1576 2281 1890 2345 adversum
1928 2283 2194 2344 dolorem
2234 2295 2356 2345 sto-

319 2372 532 2434 machi.
623 2371 689 2431 In
745 2370 960 2432 lamina
1017 2378 1296 2450 argentea
1353 2370 1581 2432 scribes
1638 2379 1700 2432 ct
1753 2372 1944 2433 dices:
2016 2373 2355 2434 Aritmatho

319 2463 488 2524 aufer
516 2459 752 2521 dolores
791 2460 1081 2521 stomachi
1117 2459 1219 2541 illi,
1249 2478 1425 2539 quem
1453 2462 1691 2541 peperit
1716 2460 1829 2521 illa.
1890 2460 2155 2522 Eandem
2183 2460 2354 2522 lami·

318 2570 456 2611 nam
510 2550 640 2610 lana
698 2552 823 2610 ovis
877 2551 1043 2610 vivae
1098 2548 1423 2610 involutam
1481 2548 1631 2609 collo
1689 2549 1761 2610 de
1816 2548 1953 2610 licio
2017 2551 2354 2629 suspendes
2383 2564 2439 2607 ss

319 2647 381 2700 et
434 2640 496 2700 id
551 2656 731 2717 agens
788 2639 978 2699 dices:
1050 2638 1235 2699 Aufer
1280 2638 1429 2698 mihi
1475 2637 1567 2698 vel
1611 2637 1700 2699 illi
1745 2637 2035 2700 stomachi
2084 2638 2359 2700 dolorem

209 2741 280 2789 67
318 2726 664 2789 Aritmath0.
726 2726 1003 2788 Dolorem
1032 2734 1093 2788 et
1117 2726 1485 2788 inflationem
1514 2727 1805 2788 stomachi
1834 2734 2001 2788 sanat
2027 2730 2198 2789 iecur
2225 2727 2361 2807 lupi

319 2819 487 2897 prius
533 2834 684 2895 aqua
731 2823 997 2897 coctum,
1053 2834 1191 2876 mox
1246 2816 1576 2877 arefactum
1631 2825 1691 2877 et
1746 2818 1957 2878 tritum
2001 2818 2359 2897 potionique

319 2909 675 2987 inspersum.

208 3008 278 3056 68
495 2993 826 3054 Fastidium
881 2992 1174 3054 stomachi
1228 2992 1451 3053 relevat
1505 3011 1762 3073 papaver
1827 2993 2122 3077 silvestre,
2191 2996 2358 3075 quod
2386 3009 2441 3051 so

319 3082 539 3144 Gallice
586 3081 957 3143 calccatauos
1005 3082 1243 3163 dicitur,
1292 3084 1500 3143 tritum
1549 3090 1610 3143 et
1647 3101 1720 3142 ex
1755 3081 1907 3144 lacte
1946 3102 2212 3162 capruno
2249 3103 2360 3165 po·

317 3174 408 3234 tui
453 3172 675 3233 datum.

208 3276 278 3325 69
495 3260 808 3340 Epithema
843 3262 1132 3339 optimum
1163 3259 1233 3320 ad
1266 3259 1639 3320 stomachum
1667 3260 2055 3321 reficiendum
2083 3261 2358 3342 mihique

316 3352 799 3432 expertissimum
845 3349 1162 3409 conficitur
1208 3351 1324 3410 sic:
1370 3347 1651 3431 Masticis,
1698 3351 1868 3430 ειη-13,
1914 3349 2087 3410 nardi
2133 3352 2359 3434 spicae,

498 3491 526 3540 1
568 3485 807 3555 culpore.
936 3490 971 3537 4
1010 3483 1273 3553 caeputii.
1406 3490 1437 3540 8
1476 3483 1675 3541 vitelli.
1803 3484 1991 3540 tritae.
2117 3489 2150 3539 9
2190 3487 2357 3556 cybo.

318 3557 624 3612 auriantur.
728 3562 794 3610 13
834 3556 1068 3611 sedeant
1106 3560 1203 3610 1m
1239 3556 1443 3611 sedant
1476 3559 1594 3611 2m.
1715 3560 1782 3610 15
1822 3556 2054 3637 cyabtho]
2096 3558 2355 3627 cyathos.

321 3631 386 3682 17
424 3626 730 3696 paulolum.
877 3631 948 3681 20
985 3626 1232 3681 obortus.
1379 3633 1447 3682 27
1487 3626 1725 3683 ariothO.
