2575 4092
227 409 491 487 positum
555 424 791 468 necnon
856 414 915 467 et
982 405 1234 468 laterum
1295 405 1486 467 dolori
1541 405 1784 485 prodest
1839 404 2115 466 similiter
2169 407 2255 467 in-

229 498 506 576 positum.
599 495 901 575 Empyicis
948 514 1086 556 vero
1134 493 1225 555 vel
1271 496 1682 576 aemoptyicis,
1728 495 1788 556 id
1836 502 1927 555 est
1975 496 2079 573 qui
2124 512 2254 555 san·

229 587 467 665 guinem
515 583 589 645 de
635 583 966 645 visceribus
1012 602 1121 663 per
1166 602 1235 645 os
1279 586 1555 666 eiectant,
1595 582 1879 664 proderit,
1931 586 1981 645 si
2027 582 2255 645 thoraci

230 673 540 734 inductum
598 672 758 734 aluta
817 675 1153 753 inponatur.
1247 672 1411 734 Facit
1480 681 1539 734 et
1605 671 1676 733 ad
1744 680 2007 734 reumata
2073 680 2133 733 et
2183 673 2254 734 ad

182 780 206 820 5
230 762 527 824 arthritim
582 780 691 841 pro
747 761 1093 841 malagmate
1145 761 1508 844 adpositum,
1567 761 1860 842 protrahit
1907 768 1966 823 et
2013 762 2256 839 sagittas

229 860 286 912 et
323 851 506 912 sudes
543 858 605 911 et
642 852 693 911 si
733 869 846 930 qua
884 853 1123 930 corpori
1160 850 1545 930 inhaeserint,
1591 849 1865 911 similiter
1902 849 2255 929 adpositum.

227 939 312 999 Ad
359 939 491 1001 loca
535 958 676 1000 vero
721 939 1016 1021 pudenda,
1061 940 1120 1001 id
1169 947 1261 1000 est
1307 939 1378 1000 ad
1429 957 1641 1018 penem
1689 941 1812 1000 sive
1851 938 1921 998 ad
1964 938 2254 1021 podicem,

228 1046 363 1090 cum
421 1028 661 1108 aliquod
714 1026 836 1089 illic
890 1028 1106 1090 vulnus
1163 1029 1372 1109 fuerit,
1432 1027 1693 1090 solutum
1757 1027 2252 1089 medicamentum

227 1134 364 1179 cera
402 1125 463 1177 et
500 1116 628 1177 oleo
666 1119 921 1197 myrtino
959 1117 1308 1197 adponetur.
1372 1116 1434 1178 Si
1466 1135 1608 1178 vero
1636 1115 2029 1178 muliebribus
2058 1118 2254 1178 causis

153 1226 202 1265 ιο
229 1207 412 1266 fuerit
467 1208 897 1288 necessarium,
951 1205 1009 1266 id
1067 1214 1160 1268 est
1215 1209 1267 1267 si
1322 1205 1492 1267 vulva
1542 1205 1806 1267 dolorem
1853 1205 1946 1266 vel
1992 1207 2253 1268 carcino-

227 1302 384 1355 mata
431 1297 820 1374 contraxerit,
874 1302 1134 1375 ponetur
1179 1314 1314 1356 cum
1362 1294 1492 1356 oleo
1540 1297 1832 1378 susinato,
1888 1297 1968 1355 ita
2020 1302 2088 1356 ut
2136 1312 2254 1355 em·

226 1383 517 1463 plastrum
565 1390 773 1444 contra
817 1382 985 1444 illum
1033 1382 1246 1466 locum,
1294 1386 1398 1464 qui
1433 1385 1494 1444 in
1534 1403 1712 1446 causa
1749 1393 1857 1464 est,
1904 1384 2253 1463 adponatur.

228 1472 313 1532 Ad
354 1470 752 1533 carbunculos
789 1490 930 1533 sane
969 1479 1030 1533 et
1067 1472 1379 1534 anthracas
1428 1480 1487 1533 et
1534 1473 1809 1534 escharas
1846 1472 2077 1553 aliaque
2120 1490 2254 1533 reu·

16 1576 21 1661 ρ
226 1562 564 1621 matizantia
608 1560 702 1621 vel
748 1561 819 1621 ad
868 1568 1126 1622 strumas
1169 1568 1230 1622 et
1276 1569 1637 1641 apostemata
1684 1561 2050 1622 medicamen
2098 1560 2252 1621 solu-

146 1667 197 1710 15
224 1659 354 1711 tum
411 1648 839 1728 aliquantulum
897 1649 1069 1711 melle
1125 1648 1372 1711 debebis
1437 1650 1751 1730 adponere.
1845 1647 1993 1709 Cum
2058 1656 2255 1709 autem

224 1747 511 1818 purgatae
570 1738 793 1799 fuerint
845 1738 1092 1819 pusulae
1133 1739 1224 1799 vel
1271 1738 1655 1800 collectiones
1702 1745 1763 1799 et
1808 1737 2080 1818 vulnera,
2128 1746 2253 1798 tum

226 1829 355 1887 sine
413 1824 586 1887 melle
653 1825 1038 1906 emplastrum
1099 1845 1233 1889 cum
1302 1845 1454 1907 puro
1516 1826 1907 1888 medicamine
1972 1826 2253 1905 adpones.

227 1914 395 1976 Facit
451 1923 510 1977 et
565 1915 637 1976 ad
694 1915 1043 1977 furunculos
1090 1915 1366 1977 similiter
1411 1918 1636 1977 siccum
1682 1915 2018 1995 adpositum
2076 1923 2137 1975 et
2182 1915 2251 1975 ad

226 2022 464 2065 omnem
500 2004 776 2084 pusulam
815 2013 874 2066 et
909 2005 1201 2066 maculam
1241 2005 1589 2086 curandam,
1639 2006 1863 2083 rumpit
1905 2006 2063 2065 enim
2104 2023 2253 2084 quae

143 2112 199 2153 20
228 2100 509 2154 concreta
556 2101 698 2154 sunt
744 2101 804 2154 et
849 2102 1065 2172 purgat
1110 2102 1171 2155 et
1220 2096 1542 2157 cicatricat.
1617 2092 1764 2155 Cum
1803 2101 1998 2154 autem
2037 2092 2254 2154 vulnus

223 2189 344 2261 est,
402 2181 476 2246 de
534 2200 652 2261 quo
709 2182 1042 2243 inmodicus
1109 2185 1349 2262 sanguis
1404 2185 1696 2265 erumpit,
1751 2182 2084 2262 adpositum
2140 2183 2254 2244 hoc

220 2270 722 2332 medicamentum
777 2271 916 2332 ilico
973 2279 1034 2332 et
1088 2274 1434 2351 sanguinem
1491 2274 1648 2333 sistit
1703 2279 1763 2332 et
1821 2272 2037 2333 vulnus
2085 2279 2255 2332 curat

221 2366 281 2421 et
330 2368 533 2420 cutem
571 2361 928 2439 constringit
964 2368 1025 2421 et
1062 2362 1401 2422 cicatricem
1442 2367 1682 2422 tenuem
1721 2361 1878 2422 facit.
1946 2360 2252 2421 Resolutio

220 2456 425 2510 autem
491 2447 585 2508 vel
649 2451 977 2529 conpositio
1038 2449 1374 2528 adponendi
1437 2448 1782 2510 vulneribus
1848 2449 2254 2510 medicaminis

139 2556 193 2598 25
222 2537 363 2598 talis
412 2545 522 2598 est.
569 2536 769 2598 Mittes
815 2536 995 2598 huius
1042 2538 1448 2600 medicaminis
1501 2571 1573 2581 —
1611 2537 1692 2598 111
1729 2546 1788 2598 et
1825 2538 2044 2598 adicies
2082 2555 2253 2599 cerae

219 2659 306 2669 -—
349 2625 392 2706 1,
432 2624 547 2686 olei
585 2628 803 2687 veteris
832 2660 919 2670 --
948 2625 1049 2707 V13
1094 2626 1190 2687 his
1227 2646 1387 2709 vero,
1426 2629 1528 2706 qui
1566 2626 1785 2688 habent
1821 2635 1923 2687 aut
1959 2628 2021 2687 in
2060 2629 2254 2706 capite

218 2723 325 2776 aut
372 2717 436 2775 in
483 2713 729 2775 auribus
775 2723 878 2776 aut
924 2717 984 2775 in
1024 2716 1268 2776 naribus
1305 2733 1514 2777 causas
1552 2724 1613 2776 et
1649 2714 1908 2795 vulnera,
1957 2716 2253 2794 adponen-

216 2804 366 2865 dum
423 2805 509 2864 sic
566 2803 829 2865 resolves
883 2803 1249 2865 medicamen
1310 2807 1439 2865 sine
1495 2823 1658 2884 cera,
1714 2804 1907 2865 oleum
1958 2823 2097 2865 sane
2145 2822 2252 2883 pro

214 2900 514 2973 tempore,
560 2892 620 2952 id
668 2901 760 2954 est
807 2894 858 2953 si
905 2901 1098 2954 aestas
1140 2892 1339 2974 fuerit,
1386 2894 1583 2955 minus
1622 2893 1869 2954 adicies:
1917 2895 1967 2953 si
2005 2893 2252 2973 hiemps,

130 3001 185 3042 so
214 2981 480 3061 amplius
537 2980 834 3042 infundes,
925 2980 1092 3042 Facit
1147 2991 1206 3042 et
1261 2983 1334 3043 ad
1387 3001 1627 3043 morsus
1680 2981 1939 3043 hominis
1985 2989 2046 3042 et
2092 2983 2255 3042 canis

210 3070 434 3132 rabidi.
526 3067 856 3130 Nervorum
912 3089 1149 3150 quoque
1209 3073 1531 3132 incisiones
1578 3070 1670 3132 vel
1717 3070 2052 3131 collisiones
2100 3070 2253 3132 salu·

209 3159 413 3220 briter
462 3166 659 3240 curat3
717 3157 936 3238 quibus
988 3177 1125 3221 cum
1172 3160 1530 3221 medendum
1577 3160 1784 3241 fuerit,
1830 3159 2011 3221 addes
2058 3160 2252 3221 oleum

210 3266 538 3309 rosaceum
593 3265 727 3308 cum
785 3246 1019 3309 modico
1075 3257 1243 3309 aceto
1301 3248 1465 3309 lanae
1514 3249 1753 3310 sucidae
1799 3249 2013 3317 infuso.
2105 3247 2252 3309 Cum

210 3345 422 3398 autem
490 3335 841 3415 adposueris
905 3336 999 3397 his
1065 3338 1261 3398 causis
1334 3337 1448 3398 hoc
1512 3337 2043 3416 medicamentum,
2118 3344 2255 3414 post

363 3478 398 3526 2
455 3470 841 3542 aemoptoicis.
1056 3477 1092 3526 4
1146 3471 1528 3527 threumataz‘·
1548 3472 1877 3527 thraumata
1933 3471 2250 3528 Gornarius.

210 3549 245 3598 5
269 3540 614 3625 arcthrisim.
710 3549 774 3597 13
795 3542 1085 3667 escharas]
1098 3542 1418 3625 scharadas.
1515 3549 1578 3598 19
1608 3544 1833 3598 malam.
1926 3548 1995 3596 29
2015 3541 2249 3612 hiemps.

210 3620 286 3669 30
328 3613 610 3669 infundas.
760 3618 824 3667 31
865 3613 957 3669 vel
994 3630 1061 3670 co
1088 3616 1316 3670 llslones
1352 3631 1450 3670 om.

2291 1479 2357 1529 21

2290 2366 2357 2416 22
