2575 4092
1084 246 1537 335 ,-12-

308 409 777 491 cheragricique,
815 408 1061 471 morbus
1099 410 1276 470 etiam
1315 408 1652 472 articularis
1688 408 1829 469 hinc
1867 408 2139 469 accidere
2170 407 2341 470 solet.

308 498 561 570 Quidam
625 500 802 559 etiam
867 498 1020 559 fiunt
1075 506 1366 580 amentes,
1432 497 1788 579 quibusdam
1855 499 2032 559 etiam
2098 501 2342 577 sanguis

309 605 624 667 erumpere
664 607 696 648 e
735 586 982 648 naribus
1019 586 1186 648 solet,
1244 588 1498 667 Oportet
1535 605 1676 666 ergo
1716 589 1956 648 occurri
1991 593 2111 648 tam
2151 589 2341 666 gravi-

239 677 270 725 9
309 676 421 738 bus
482 676 651 738 malis
712 678 1020 738 curatione
1074 676 1395 756 praedicta.
1496 677 1544 736 A
1599 677 1794 737 vesica
1851 677 1956 755 qui
2009 684 2343 738 nascuntur

306 764 502 827 morbi
557 765 703 826 haec
759 764 986 826 dabunt
1037 768 1231 845 signa:
1285 765 1456 827 Pleni
1500 763 1863 826 videbuntur
1910 772 1971 825 et
2016 767 2136 826 cito
2183 772 2342 827 satu·
2400 780 2431 823 5

307 856 447 937 rari,
494 872 644 934 quos
691 853 982 936 gravabit3
1038 863 1369 934 sequentur
1421 853 1758 915 inflationes
1813 856 2039 914 ventris
2094 861 2155 915 et
2212 873 2343 915 cre-

308 945 471 1022 pitus
510 941 725 1024 crebri,
763 942 1125 1005 videbuntur
1154 946 1409 1005 oscitare
1438 961 1550 1004 nec
1579 941 1935 1024 oscitabam,
1975 942 2080 1004 sed
2108 950 2341 1004 tantum

309 1051 376 1093 os
424 1031 736 1113 diducent,
782 1040 1070 1112 sequetur
1124 1035 1310 1093 totius
1372 1034 1643 1113 corporis
1699 1039 1911 1111 stupor
1975 1050 2342 1111 somnusque

309 1122 506 1200 gravis
565 1114 736 1201 quasi
790 1139 1050 1202 marcor,
1105 1122 1209 1182 fiet
1263 1123 1436 1182 urina
1497 1121 1674 1182 livida
1732 1129 1793 1182 et
1847 1122 1944 1181 vix
2000 1139 2342 1201 erumpenS,
2395 1146 2404 1150 ·

309 1217 647 1271 tumescent
685 1212 860 1272 etiam
898 1218 1151 1289 veretra,
1187 1211 1328 1272 inde
1367 1219 1427 1271 et
1464 1208 1748 1272 calculosi
1774 1210 1937 1271 fient.
2011 1208 2170 1271 Haec
2199 1212 2342 1271 vitia
2372 1227 2430 1268 ιο

310 1301 398 1359 sic
446 1298 865 1361 emendantur:
921 1298 1273 1360 Feniculum
1321 1307 1381 1360 et
1427 1301 1626 1378 apium
1674 1301 1811 1359 vino
1859 1306 2097 1360 austero
2145 1300 2343 1360 made-

310 1388 487 1449 facito
543 1387 637 1448 vel
691 1390 870 1449 etiam
926 1406 1131 1449 earum
1186 1388 1511 1450 herbarum
1555 1388 1787 1449 radices
1843 1397 2086 1449 contere
2153 1396 2213 1449 et
2267 1407 2340 1449 ex

309 1478 433 1537 vini
501 1476 728 1556 cyathis
793 1476 1028 1538 duobus
1094 1484 1153 1537 et
1208 1477 1563 1539 tantundem
1616 1494 1803 1556 aquae
1859 1477 2081 1538 calidae
2138 1478 2341 1558 accipe

311 1565 556 1627 adsidue
603 1565 696 1626 vel
743 1565 918 1627 dauci
965 1583 1169 1627 semen
1217 1574 1278 1627 et
1323 1574 1583 1647 myrtum
1630 1584 1704 1626 ex
1751 1583 1902 1645 aqua
1946 1565 2135 1627 calida
2172 1585 2341 1628 sume

311 1654 404 1715 vel
441 1656 602 1716 cicer
639 1653 857 1738 album,
904 1673 1026 1716 non
1062 1656 1381 1717 arietinum
1421 1655 1817 1716 madefactum
1857 1656 2009 1736 vino,
2056 1663 2125 1716 ut
2158 1673 2338 1735 supra
2367 1670 2427 1713 ιε

312 1745 553 1825 scripsi,
610 1743 783 1805 ebibe
839 1743 931 1805 vel
985 1744 1247 1806 radicem
1296 1746 1565 1824 asparagi
1609 1743 1705 1805 vel
1760 1761 1967 1806 ervum
2022 1746 2344 1806 erraticum

309 1832 403 1893 vel
451 1832 780 1912 serpullum
827 1832 1094 1913 decoque
1161 1836 1413 1913 eiusque
1470 1851 1682 1912 aquam
1727 1835 1865 1893 vino
1905 1834 2148 1894 mixtam
2187 1832 2342 1895 bibe.

313 1919 477 1992 Quae
525 1924 630 2001 qui
676 1921 1016 2003 neglegunt,
1063 1923 1216 1984 fiunt
1252 1922 1590 2004 hydropici3
1639 1923 1913 2002 sequitur
1950 1924 2025 1982 iis
2061 1924 2342 1984 iocineris

312 2017 373 2070 et
413 2012 650 2070 renium
689 2017 749 2071 et
786 2012 1016 2071 vesicae
1056 2009 1241 2072 dolor.
1317 2010 1487 2071 Fient
1529 2029 1766 2090 quoque
1805 2010 2105 2093 calculosi,
2151 2020 2342 2073 stran-

311 2100 542 2177 guriam
617 2098 747 2160 tubi
821 2097 1206 2160 sustinebunt
1284 2107 1345 2160 et
1410 2103 1636 2161 ventris
1704 2109 2015 2162 tumorem.
2117 2098 2345 2163 Intueri
2370 2117 2426 2160 so

311 2194 511 2248 autem
559 2195 797 2266 oportet
834 2189 995 2266 aegri
1033 2190 1209 2270 vireS,
1257 2189 1554 2267 quomodo
1590 2191 1783 2269 possit
1821 2191 2119 2251 sustinere
2157 2190 2342 2251 medi-

312 2278 532 2358 cinam,
589 2283 658 2336 ut
710 2278 793 2337 ita
850 2275 1005 2337 febri
1059 2285 1120 2338 et
1177 2277 1461 2339 cruditati
1515 2280 1646 2339 eius
1702 2278 2070 2340 adhibeatur.
2162 2278 2343 2341 Fiunt

311 2382 452 2443 ergo
519 2364 933 2444 cataplasmata
998 2365 1502 2448 adhibenturque,
1569 2385 1719 2446 quae
1775 2374 1909 2447 apta
1966 2369 2086 2429 sint
2143 2370 2341 2449 capiti,

311 2456 523 2535 ventri,
569 2456 819 2535 vesicae,
867 2454 1165 2536 cruditati,
1213 2456 1441 2537 frigori,
1488 2455 1687 2539 calori,
1731 2464 1914 2535 prout
1964 2465 2198 2538 tempus
2244 2475 2342 2518 ex-

311 2545 518 2621 egerit.
592 2542 693 2605 Uti
738 2550 936 2606 autem
982 2543 1053 2605 ad
1102 2544 1248 2605 haec
1297 2552 1534 2624 oportet
1577 2563 1727 2626 rosa,
1776 2553 1963 2626 aceto,
2009 2548 2163 2628 vino,
2210 2546 2341 2607 oleo
2369 2563 2424 2604 25

308 2633 483 2713 irino,
530 2631 790 2711 linguam
841 2650 1080 2712 quoque
1127 2636 1291 2712 aegri
1337 2652 1607 2714 asperam
1653 2634 1827 2696 melle
1883 2635 2197 2714 perfricari
2249 2636 2343 2696 vel

308 2727 544 2782 mentae
604 2720 775 2803 folio;
834 2720 1064 2801 reliqua
1119 2721 1392 2801 diligenti
1443 2723 1677 2784 medico
1732 2725 2131 2804 permittenda
2183 2733 2343 2807 sunt,

207 2824 274 2874 10
312 2811 450 2888 quia
505 2812 669 2871 iuxta
725 2808 965 2871 morbos
1022 2809 1198 2871 debet
1253 2810 1540 2873 adhibere
1588 2813 1957 2874 medicinam.
2050 2812 2341 2884 Quoniam

311 2898 547 2959 ostendi
594 2901 862 2979 corporis
911 2901 1039 2960 sani
1086 2907 1146 2960 et
1186 2899 1451 2961 inbecilli
1488 2910 1659 2961 notas
1695 2920 1804 2981 per
1841 2904 2076 2963 urinam
2114 2902 2340 2964 denun-

311 2989 447 3048 tiari
494 2995 556 3049 et
600 2988 791 3049 adieci
847 2990 1224 3050 curationum
1271 2990 1535 3071 consilia,
1581 3008 1743 3051 nunc
1791 2998 1851 3051 et
1897 2993 2338 3071 conpositiones
2367 3019 2421 3062 30

310 3076 879 3138 medicamentorum
910 3077 1176 3160 adiciam,
1209 3097 1395 3140 unum
1435 3097 1510 3139 ne
1549 3087 1871 3141 nascantur
1908 3083 2148 3160 corpori
2185 3083 2343 3162 vitia,

310 3164 564 3227 alterum
610 3173 679 3226 ut
726 3167 1058 3227 emendatio
1107 3170 1420 3229 sanitatem
1466 3168 1733 3231 reducat.
1805 3168 2105 3230 Adversus
2143 3179 2342 3232 autem

311 3272 518 3316 omnes
584 3256 826 3334 inpetus
882 3255 1227 3317 morborum
1285 3257 1403 3318 duo
1461 3265 1602 3318 sunt
1657 3258 1919 3319 remedia
1977 3261 2342 3321 certissima:

309 3346 571 3424 primum
618 3351 727 3427 est,
774 3344 1004 3406 decimo
1054 3363 1291 3425 quoque
1340 3346 1435 3407 die
1483 3354 1551 3407 ut
1597 3354 1655 3407 te
1703 3345 2001 3418 abstineas
2038 3366 2071 3409 a
2109 3348 2245 3410 cibo
2283 3355 2344 3409 et

455 3557 483 3605 1
533 3551 899 3623 cheragrique
1094 3551 1339 3608 morbos.
1540 3560 1571 3608 3
1619 3554 1675 3624 e]
1722 3570 1772 3609 a..
1965 3561 1998 3611 8
2044 3554 2340 3611 deducent.

310 3620 578 3692 sequitur.
676 3629 741 3679 13
780 3623 976 3694 cyatis.
1070 3628 1134 3677 19
1174 3623 1505 3695 stranguria.
1601 3630 1670 3679 34
1706 3624 1905 3696 prima.
1997 3629 2061 3683 ut
2088 3626 2173 3697 te]
2204 3627 2338 3683 uite.
