2575 4092
1014 244 1490 310 —239-

229 410 387 468 intra
434 407 728 485 parietem
773 405 1109 467 dormitorii
1148 406 1408 469 cubiculi
1446 409 1717 489 tectorio,
1761 407 1821 468 id
1861 415 1954 470 est
1990 408 2263 490 capsella,

229 495 502 559 inclusus
549 496 864 574 reponitur
911 506 973 556 et
1017 495 1278 575 desuper
1324 503 1418 556 ter
1464 497 1671 556 novies
1718 497 2004 574 signatur.
2079 497 2259 577 Splen
2297 508 2367 558 48

229 585 454 645 viventi
482 584 679 645 catulo
709 592 1020 663 exemptus
1049 584 1320 666 ciboque,
1358 583 1463 644 sed
1502 592 1707 646 coctus
1746 585 2057 665 splenitico
2087 587 2262 648 datus

227 675 531 752 ignoranti
567 671 783 734 liberat
819 691 957 734 eum
997 675 1265 753 quamvis
1303 676 1561 753 graviter
1598 672 1981 736 laborantem.
2040 675 2263 736 Sedant

173 775 201 818 5
230 762 405 824 lienis
461 760 728 822 dolorem
784 762 1016 823 radices
1070 762 1257 823 violae
1312 762 1534 843 luteae,
1602 764 1654 823 si
1719 780 1791 823 ex
1847 771 2015 825 aceto
2072 764 2262 843 spleni

229 853 359 911 vice
409 852 715 931 emplastri
760 850 1151 930 adponantur.

414 938 738 1001 Tamaricis
784 940 1046 1000 radicem
1091 938 1185 1001 vel
1235 939 1378 1000 folia
1426 942 1566 1001 trita
1614 957 1686 1000 ex
1733 948 1900 1001 aceto
1947 939 2111 1002 bibat
2157 943 2262 1021 qui
2296 951 2365 1000 49

232 1029 306 1090 de
366 1027 568 1108 splene
624 1028 885 1109 laborat,
940 1030 1113 1090 cuius
1176 1047 1354 1090 usum
1410 1031 1462 1090 si
1518 1030 1782 1107 experiri
1836 1028 2130 1111 volueris,
2190 1029 2264 1090 da

231 1135 415 1197 porco
471 1116 760 1179 edendam
814 1135 925 1196 per
978 1117 1107 1178 dies
1152 1135 1392 1200 novem3
1439 1136 1577 1179 cum
1624 1135 1759 1179 eum
1812 1117 2078 1199 occideS,
2136 1120 2264 1178 sine

154 1221 208 1259 1⁰
238 1207 442 1286 splene
486 1208 773 1267 invenies

410 1294 657 1356 Lacerta
702 1294 910 1355 viridis
953 1297 1080 1355 viva
1117 1295 1181 1354 in
1217 1297 1371 1356 ostio
1409 1295 1706 1374 splenitici
1742 1303 1879 1357 ante
1917 1294 2260 1357 cubiculum
2299 1304 2368 1354 50

233 1386 365 1446 eius
412 1382 800 1467 suspenditur
844 1386 954 1463 ita,
1012 1392 1079 1444 ut
1134 1382 1464 1461 procedens
1521 1392 1582 1445 et
1627 1383 1867 1446 rediens
1923 1403 2053 1446 eam
2109 1402 2260 1445 sem-

232 1492 341 1554 per
401 1491 581 1533 manu
647 1473 889 1534 sinistra
953 1480 1012 1533 et
1077 1473 1270 1550 capite
1332 1474 1661 1553 contingat3
1726 1490 1844 1552 quo
1901 1473 2056 1533 facto
2112 1474 2261 1533 mire

234 1561 306 1622 ad
363 1564 678 1622 sanitatem
730 1562 1018 1641 proficiet.
1110 1559 1368 1621 Herbam
1416 1560 1783 1622 urceolarem
1840 1563 1902 1621 in
1959 1578 2109 1640 aqua
2166 1559 2265 1622 de·
2301 1568 2368 1618 51

153 1664 206 1706 ιε
234 1657 464 1712 coctam
519 1650 593 1711 da
648 1649 874 1711 lienoso
931 1668 1069 1711 cum
1127 1649 1257 1710 oleo
1305 1656 1366 1711 et
1411 1649 1733 1730 liquamine
1779 1648 2264 1730 manducandam,

232 1742 383 1802 mire
432 1738 767 1800 subvenies,

412 1827 825 1908 Sisymbrium,
862 1826 1243 1906 absinthium,
1291 1834 1586 1906 nepetam,
1622 1825 1992 1887 marrubium
2031 1825 2264 1905 aequali
2300 1834 2366 1884 52

232 1934 516 1977 mensura
571 1925 737 1978 aceto
791 1921 1086 1976 macerata
1142 1918 1322 1977 terito
1378 1923 1439 1976 et
1484 1914 1657 1977 melle
1704 1916 1911 1996 mixta,
1973 1914 2077 1975 scd
2125 1931 2262 1975 cum

234 2007 476 2085 polenta
529 2005 741 2066 hordei
793 2004 1026 2066 modica
1080 2006 1301 2084 inpone
1356 2003 1499 2066 lieni
1550 2003 1856 2083 emplastri
1901 2002 2104 2082 modo,
2161 2021 2262 2082 po·

154 2108 206 2148 20
236 2103 436 2157 tenter
481 2094 815 2156 medebere.
898 2093 1165 2154 Hederae
1220 2093 1358 2154 folia
1413 2101 1618 2155 tenera
1670 2092 1886 2154 tundes
1933 2110 2263 2172 sucumque
2301 2100 2369 2150 53

235 2186 368 2246 eius
428 2201 564 2244 cum
620 2185 756 2243 vino
813 2191 1052 2244 austero
1110 2181 1337 2243 lienoso
1383 2184 1584 2243 ieiuno
1630 2200 1739 2261 per
1784 2180 2050 2242 triduum
2095 2182 2265 2261 potui

235 2272 423 2334 dabis.
504 2271 705 2333 Filicis
750 2270 1012 2332 radicem
1058 2279 1295 2332 tunsam
1343 2273 1594 2350 inpones
1639 2271 1782 2332 lieni
1828 2288 1964 2332 cum
2012 2271 2264 2350 axungia
2302 2281 2372 2331 54

234 2362 447 2422 vetere
487 2379 734 2440 eamque
781 2359 1043 2420 radicem
1088 2360 1430 2421 mundatam
1455 2362 1550 2420 ‘ex
1597 2378 1747 2440 aqua
1796 2358 1866 2419 ad
1914 2360 2123 2421 tertias
2164 2359 2262 2421 de·

237 2466 467 2529 coques
531 2451 639 2529 ita,
705 2456 774 2509 ut
840 2449 996 2528 quod
1059 2448 1131 2509 de
1198 2450 1458 2509 sextario
1524 2449 1839 2510 decoctum
1901 2448 2269 2526 superfuerit

153 2552 209 2593 25
236 2557 349 2620 per
395 2537 662 2599 triduum
709 2556 846 2598 cum
888 2536 1140 2617 oxymeli
1179 2544 1282 2598 aut
1317 2555 1483 2597 mero
1523 2545 1762 2599 austero
1800 2537 2000 2597 ieiuno
2038 2536 2264 2596 lienoso

233 2629 407 2707 potui
454 2627 655 2707 detur3
703 2644 1001 2686 summum
1047 2625 1379 2687 remedium
1427 2627 1545 2687 cito
1590 2626 1935 2704 experieris,

416 2714 506 2775 Ad
561 2715 783 2795 splenis
840 2714 1104 2775 dolorem
1159 2714 1492 2775 remedium
1549 2716 1856 2793 egregium
1902 2715 2017 2774 sic:
2082 2711 2262 2784 Quin·
2302 2725 2369 2775 55

235 2823 355 2884 quc
395 2806 587 2884 capita
625 2804 738 2864 alei
774 2803 1090 2883 diligenter
1126 2805 1189 2863 in
1231 2821 1413 2881 grana
1450 2805 1690 2882 purgati
1724 2821 1834 2883 per
1870 2803 1997 2862 dies
2035 2809 2264 2879 septem

235 2893 466 2954 lienoso
510 2892 921 2954 manducanda
967 2891 1161 2974 dabis,
1213 2894 1296 2953 ita
1353 2900 1420 2953 ut
1464 2894 1658 2971 primo
1706 2892 1801 2952 die
1847 2908 2028 2969 grana
2074 2888 2266 2949 XXXI

151 2997 208 3038 ao
237 2982 512 3043 comedat
565 2984 800 3043 ieiunus
810 3030 828 3064 ,
884 2980 1147 3042 secundo
1204 2980 1299 3041 die
1355 2998 1536 3059 grana
1583 2979 1756 3062 XXV,
1810 2981 1990 3040 tertio
2036 2977 2265 3061 XVIIII,

238 3079 453 3152 quarto
510 3068 628 3152 XV,
689 3073 896 3151 quinto
964 3068 1070 3149 XI,
1132 3077 1300 3130 sexto
1357 3068 1536 3150 VIIII,
1602 3072 1853 3149 septimo
1910 3066 2034 3149 vl13
2100 3068 2267 3129 bibat

234 3169 438 3222 autem
484 3159 791 3220 conditum
837 3160 981 3219 satis
1025 3159 1392 3239 piperatum3
1447 3177 1564 3238 quo
1622 3158 1777 3220 facto
1825 3175 1998 3219 omne
2043 3157 2264 3217 malum

232 3267 346 3329 per
402 3256 673 3309 ventrem
729 3249 986 3328 digeret3
1042 3246 1147 3307 sed
1204 3254 1265 3307 et
1318 3264 1531 3327 porros
1586 3247 1859 3309 comedat
1912 3253 2048 3306 ante
2108 3244 2265 3305 diem

420 3406 449 3455 1
489 3402 546 3455 id
586 3403 674 3456 est
711 3401 958 3473 capsella.
993 3417 1094 3456 om.
1134 3401 1319 3469 Plin.;
1362 3401 1590 3456 delenda
1630 3400 1761 3454 haec
1794 3399 1959 3461 verba
1993 3398 2265 3452 videntur.

236 3477 271 3527 ὅ
311 3478 440 3529 ante
473 3471 641 3528 lienis
678 3474 807 3528 add.
844 3489 895 3528 a.
1042 3479 1105 3527 11
1144 3472 1204 3526 in
1242 3471 1416 3543 ostio]
1453 3470 1514 3525 in
1551 3470 1667 3525 olla.
1700 3470 1858 3524 Ptin.
2000 3466 2265 3522 cubilum.

240 3550 309 3599 14
348 3560 568 3613 aquam.
780 3548 846 3597 1⁷
886 3542 1247 3599 sisimbrium.
1457 3549 1526 3597 26
1565 3539 1865 3610 experieris
1901 3539 2126 3607 scripsi.-
2172 3553 2264 3592 ex-

233 3615 487 3684 petierit.
631 3621 700 3669 33
736 3614 957 3684 digerit.
