2575 4092
1077 235 1566 300 -228—

311 410 436 482 vet,
491 407 560 461 ut
616 399 717 459 illo
764 398 964 459 triduo
1009 399 1371 478 purissimus
1418 405 1479 458 et
1525 397 1963 476 digestissimus
2011 397 2088 455 sit
2134 401 2194 456 et
2243 394 2352 455 fri·

311 490 506 568 gidam
543 506 663 548 non
702 487 866 548 bibat
904 505 1100 566 neque
1149 486 1369 547 salsum
1407 486 1630 566 aliquid
1668 495 1770 546 aut
1805 483 1979 546 dulce
2007 483 2350 545 manducet.

208 592 275 640 25
313 577 508 639 Violas
565 586 831 654 agrestes
889 577 1013 636 sive
1069 575 1374 636 silvestres
1429 582 1708 637 conteres
1763 582 1824 636 et
1880 590 2093 634 sucum
2139 590 2353 634 earum

316 686 451 728 cum
488 668 622 746 pari
656 665 921 744 pondere
957 664 1151 726 mellis
1189 664 1488 743 decoques
1526 673 1587 726 et
1623 682 1696 724 ex
1738 682 1807 724 eo
1846 660 2136 723 coclearia
2173 670 2354 723 terna

315 758 515 817 ieiuno
564 754 637 814 ad
684 754 840 815 diem
887 755 1191 815 iecoritico
1229 753 1424 834 dabis3
1472 752 1545 813 ad
1581 751 1786 813 lateris
1824 759 2022 813 autem
2059 749 2351 834 dolorem,
2379 764 2409 807 5

317 846 369 906 si
415 863 487 905 ex
532 845 751 903 iecoris
798 861 977 903 causa
1022 843 1229 924 fuerit,
1279 841 1471 922 thymi
1516 842 1809 920 scripulos
1855 841 2005 901 duos
2051 847 2112 900 et
2157 858 2351 919 aquae

317 934 686 1012 quartarium
734 931 1045 992 dimidium
1090 933 1329 992 ieiunus
1375 930 1556 992 bibet.

209 1034 277 1082 26
498 1021 859 1099 Compositio
907 1020 1317 1081 medicaminis
1364 1020 1437 1080 ad
1482 1023 1678 1101 iecur,
1731 1018 1887 1098 quod
1936 1017 2030 1078 dia
2073 1026 2352 1078 tessaron

315 1111 565 1172 dicitur:
611 1109 780 1170 Costi
824 1140 911 1152 —
947 1108 993 1188 1,
1039 1109 1412 1187 faenograeci
1456 1142 1547 1151 -—
1582 1107 1625 1189 1,
1670 1108 1866 1169 inulae
1914 1106 2131 1167 radicis
2175 1138 2252 1151 -
2306 1105 2353 1187 1,

315 1197 562 1259 feniculi
597 1198 815 1258 radicis
844 1229 930 1240 —
959 1197 1001 1258 1.
1065 1196 1225 1257 Haec
1264 1199 1462 1258 omnia
1498 1198 1817 1277 separatim
1857 1195 2171 1274 diligenter
2207 1203 2353 1256 tun-
2384 1212 2444 1251 10

318 1287 423 1348 des
480 1294 541 1347 et
597 1285 889 1346 cribrabis
945 1294 1008 1346 et
1061 1284 1551 1347 delicatissimum
1605 1285 1912 1366 pulverem
1972 1283 2353 1345 mensurabis

318 1383 378 1437 et
435 1381 643 1454 postea
697 1373 1117 1456 permiscebiS,
1183 1375 1288 1435 sed
1349 1377 1413 1435 in
1468 1374 1590 1435 sole
1647 1376 1845 1435 omnia
1900 1373 2053 1435 bene
2109 1375 2354 1454 siccato,

321 1471 639 1544 autequam
685 1464 1043 1546 contundaS,
1099 1471 1159 1524 et
1212 1466 1276 1525 in
1333 1482 1452 1524 una
1504 1465 1744 1543 potione
1793 1462 2059 1524 cocleare
2104 1462 2355 1542 plenum

318 1556 517 1634 mitte3
575 1571 718 1613 sano
777 1571 849 1612 ex
906 1555 1071 1634 vino,
1126 1553 1490 1613 febricitanti
1545 1571 1618 1613 ex
1674 1571 1826 1632 aqua
1880 1551 2067 1612 calida
2120 1550 2216 1611 vel
2279 1570 2355 1613 ex

319 1641 510 1703 mulsa
557 1661 737 1722 aqua,
783 1649 850 1702 ut
895 1649 1165 1702 ventrem
1212 1642 1418 1720 solvat,
1466 1643 1636 1719 potui
1679 1643 1880 1702 ieiuno
1926 1658 2035 1720 per
2080 1640 2354 1701 triduum
2384 1654 2440 1696 16

320 1730 515 1810 dabis,
571 1733 654 1791 ita
698 1738 768 1792 ut
813 1739 1054 1809 accepta
1100 1733 1342 1809 potione
1389 1733 1452 1790 in
1500 1730 1710 1790 dextro
1756 1730 1942 1791 latere
1989 1729 2353 1808 aliquamdiu

319 1822 508 1880 iaceat
546 1827 608 1879 et
633 1828 840 1898 postea
869 1819 973 1880 diu
999 1818 1341 1880 deambulet
1377 1826 1438 1879 et
1469 1819 1906 1897 digestissimus
1934 1817 2101 1879 cibos
2131 1826 2357 1899 sumat3

321 1908 436 1968 hoc
482 1908 748 1969 remedio
796 1910 1006 1969 scitote
1053 1908 1202 1969 nihil
1244 1926 1376 1968 esse
1414 1910 1835 1989 praestantiuS‚
1881 1909 2058 1968 etiam
2097 1909 2149 1967 si
2187 1907 2357 1968 femi-

320 1999 432 2079 nis,
480 1997 586 2058 sed
632 2016 752 2058 non
797 1997 1262 2076 praegnantibus
1310 1997 1502 2057 detur.

215 2099 281 2148 27
499 2085 585 2145 De
621 2086 818 2146 medio
858 2100 991 2146 osse
1031 2088 1247 2168 sepiae,
1287 2085 1446 2164 quod
1475 2092 1567 2146 est
1594 2085 1788 2166 molle,
1825 2084 2131 2164 pulverem
2168 2085 2357 2145 facies
2386 2099 2442 2140 so

324 2182 384 2235 et
420 2176 484 2233 in
521 2177 807 2234 mixtione
846 2174 1071 2234 conditi
1098 2177 1319 2253 ,optimi
1359 2175 1664 2236 iecoritico
1703 2175 1903 2235 ieiuno
1939 2192 2049 2254 per
2084 2173 2358 2234 triduum

325 2260 514 2343 dabis,
559 2264 642 2323 ita
678 2269 746 2321 ut
782 2264 844 2321 in
882 2262 1091 2322 dextro
1129 2262 1314 2324 latere
1363 2263 1722 2343 aliquamdiu
1760 2265 1968 2345 iaceat,
2013 2281 2151 2323 cum
2190 2280 2361 2324 acce-

221 2364 288 2412 28
328 2351 502 2433 perit,
548 2359 609 2411 et
653 2358 861 2430 postea
907 2351 1242 2412 diutissime
1290 2351 1645 2414 deambulet.
1730 2351 1819 2412 Ad
1866 2353 2148 2412 iocineris
2195 2351 2363 2413 dolo-

329 2457 457 2501 rem
491 2440 824 2501 remedium
863 2442 977 2501 sic:
1023 2439 1356 2502 Intiborum
1393 2443 1523 2501 suci
1551 2442 1841 2521 heminae,
1888 2458 2073 2520 aquae
2111 2439 2363 2520 cyathos

328 2536 452 2589 tres
499 2529 780 2590 miscebis
826 2528 1004 2590 simul
1050 2538 1110 2591 et
1155 2529 1413 2590 calidum
1459 2529 1645 2611 dabis,
1691 2529 1881 2591 donec
1923 2537 2116 2590 totum
2151 2529 2363 2590 triduo
2391 2542 2444 2584 8⁵

330 2617 706 2699 perbibatur3
754 2617 913 2696 quod
961 2621 1011 2678 si
1049 2636 1122 2678 ex
1157 2620 1288 2698 ipso
1328 2618 1531 2679 dolore
1571 2621 1670 2680 cui
1705 2619 2064 2679 medendum
2103 2626 2195 2679 est
2230 2625 2364 2679 tur-

333 2705 507 2784 gidus
565 2714 626 2767 et
684 2706 1017 2785 indigestus
1082 2706 1291 2788 fuerit,
1355 2725 1605 2786 porrum
1667 2710 1991 2786 capitatum
2052 2708 2367 2768 incoctum

227 2808 292 2855 29
332 2794 666 2856 manducet.
758 2794 1107 2856 Gentianam
1162 2813 1235 2855 ex
1282 2814 1458 2874 passo
1504 2796 1804 2876 decoques
1851 2803 1911 2857 et
1955 2798 2154 2856 ieiuno
2203 2798 2367 2856 ieco-

225 2897 293 2945 30
331 2886 505 2945 ritico
551 2902 661 2964 per
698 2883 966 2944 triduum
1004 2884 1320 2945 bibendam
1358 2884 1540 2946 dabis.
1595 2885 1828 2965 Piperis
1864 2884 1983 2945 albi
2017 2901 2201 2963 grana
2237 2881 2368 2965 XL,

331 2972 527 3034 salicis
574 2972 713 3034 folia
758 2971 830 3032 ad
876 2973 1030 3033 hanc
1075 2991 1436 3054 mensuram,
1483 2981 1551 3034 ut
1589 2972 1906 3035 fasciculus
1942 2975 2104 3034 inter
2140 2972 2367 3051 digitos
2394 2986 2448 3026 ³⁰

331 3061 483 3121 duos
526 3070 586 3122 et
622 3061 898 3140 pollicem
935 3069 1227 3144 teneatur,
1271 3065 1611 3124 cucumeris
1649 3081 1887 3143 quoque
1926 3070 2214 3140 quantum
2252 3064 2367 3122 tri-

332 3150 445 3211 bus
501 3150 703 3229 digitis
759 3150 967 3212 tollere
1022 3153 1293 3229 potueris
1349 3160 1592 3213 contere
1648 3154 1710 3212 in
1762 3169 1949 3212 unum
1995 3158 2055 3211 et
2099 3168 2210 3230 per
2257 3153 2369 3211 tri—

337 3240 522 3301 duum
567 3240 874 3300 iecoritico
921 3241 1120 3300 ieiuno
1169 3239 1243 3300 da
1287 3259 1361 3301 ex
1408 3259 1557 3321 aqua
1605 3240 1792 3301 calida
1837 3239 2182 3300 bibendum.

230 3341 295 3388 31
515 3328 679 3389 Costi
716 3331 1100 3411 semunciam,
1137 3327 1298 3389 aloes
1336 3329 1635 3409 epatitidis
1678 3361 1755 3373 —-
1788 3329 1832 3410 I,
1873 3327 2194 3389 mastiches
2232 3346 2370 3407 gra·

336 3435 553 3479 norum
588 3452 677 3462 —
712 3417 785 3501 11,
831 3419 1127 3499 eupatorii
1163 3450 1247 3461 --
1285 3418 1329 3499 1,
1375 3420 1600 3497 piperis
1645 3451 1719 3461 —
1762 3418 1834 3501 11,
1873 3419 2086 3478 amomi
2123 3435 2369 3479 semun·
2395 3426 2447 3469 ⁸5

515 3613 584 3660 34
596 3606 749 3662 Costi
768 3607 1137 3680 semunciam]
1152 3609 1221 3676 cf.
1238 3608 1391 3663 Ptin.
1410 3610 1476 3663 de
1495 3624 1553 3663 re
1571 3608 1706 3665 med.
1719 3608 1788 3677 ΙΙ,
1803 3616 1828 3662 1
1838 3613 1868 3663 7
1879 3608 1982 3678 (ed.
1993 3607 2123 3662 Ala.
2126 3612 2264 3677 1117
2269 3609 2378 3679 9⁸).
