<?xml version="1.0" encoding="UTF-8"?>
<!DOCTYPE html PUBLIC "-//W3C//DTD XHTML 1.0 Transitional//EN"
    "http://www.w3.org/TR/xhtml1/DTD/xhtml1-transitional.dtd">
<html xmlns="http://www.w3.org/1999/xhtml" xml:lang="en" lang="en">
 <head>
  <title>
</title>
<meta http-equiv="Content-Type" content="text/html;charset=utf-8" />
  <meta name='ocr-system' content='tesseract 3.04.00' />
  <meta name='ocr-capabilities' content='ocr_page ocr_carea ocr_par ocr_line ocrx_word'/>
</head>
<body>
  <div class='ocr_page' id='page_1' title='image "./marcellidemedic00unkngoog_0196.png"; bbox 0 0 2575 4092; ppageno 0'>
   <div class='ocr_carea' id='block_1_1' title="bbox 1113 234 1596 299">
    <p class='ocr_par' dir='ltr' id='par_1_1' title="bbox 1113 234 1596 299">
     <span class='ocr_line' id='line_1_1' title="bbox 1113 234 1596 299; baseline -0.002 0"><span class='ocrx_word' id='word_1_1' title='bbox 1113 271 1188 280; x_wconf 93' lang='lat'><strong>—</strong></span> <span class='ocrx_word' id='word_1_2' title='bbox 1293 234 1596 299; x_wconf 85' lang='lat'>176—-</span> 
     </span>
    </p>
   </div>
   <div class='ocr_carea' id='block_1_2' title="bbox 227 395 2532 3392">
    <p class='ocr_par' dir='ltr' id='par_1_2' title="bbox 227 395 2532 3392">
     <span class='ocr_line' id='line_1_2' title="bbox 332 395 2359 480; baseline -0.003 -20"><span class='ocrx_word' id='word_1_3' title='bbox 332 399 532 478; x_wconf 91' lang='lat' dir='ltr'>lingua</span> <span class='ocrx_word' id='word_1_4' title='bbox 578 398 793 459; x_wconf 91' lang='lat' dir='ltr'>habeto</span> <span class='ocrx_word' id='word_1_5' title='bbox 843 406 903 459; x_wconf 93' lang='lat' dir='ltr'>et</span> <span class='ocrx_word' id='word_1_6' title='bbox 949 398 1215 480; x_wconf 82' lang='lat' dir='ltr'>salivam,</span> <span class='ocrx_word' id='word_1_7' title='bbox 1277 416 1430 477; x_wconf 90' lang='lat' dir='ltr'>quae</span> <span class='ocrx_word' id='word_1_8' title='bbox 1487 398 1768 475; x_wconf 85' lang='lat' dir='ltr'>creverit,</span> <span class='ocrx_word' id='word_1_9' title='bbox 1824 395 2192 475; x_wconf 86' lang='lat' dir='ltr'>transglutti‚</span> <span class='ocrx_word' id='word_1_10' title='bbox 2245 413 2359 474; x_wconf 97' lang='lat' dir='ltr'>quo</span> 
     </span>
     <span class='ocr_line' id='line_1_3' title="bbox 334 486 1824 568; baseline -0.001 -19"><span class='ocrx_word' id='word_1_11' title='bbox 334 489 488 549; x_wconf 88' lang='lat' dir='ltr'>facto</span> <span class='ocrx_word' id='word_1_12' title='bbox 536 506 732 568; x_wconf 91' lang='lat' dir='ltr'>neque</span> <span class='ocrx_word' id='word_1_13' title='bbox 781 489 947 548; x_wconf 89' lang='lat' dir='ltr'>sities</span> <span class='ocrx_word' id='word_1_14' title='bbox 995 505 1189 567; x_wconf 89' lang='lat' dir='ltr'>neque</span> <span class='ocrx_word' id='word_1_15' title='bbox 1238 505 1306 547; x_wconf 94' lang='lat' dir='ltr'>os</span> <span class='ocrx_word' id='word_1_16' title='bbox 1351 486 1463 547; x_wconf 90' lang='lat' dir='ltr'>tibi</span> <span class='ocrx_word' id='word_1_17' title='bbox 1507 489 1824 548; x_wconf 83' lang='lat' dir='ltr'><strong>inarescet.</strong></span> 
     </span>
     <span class='ocr_line' id='line_1_4' title="bbox 227 572 2364 656; baseline -0.002 -20"><span class='ocrx_word' id='word_1_18' title='bbox 227 588 297 636; x_wconf 80' lang='lat'>42</span> <span class='ocrx_word' id='word_1_19' title='bbox 513 577 601 637; x_wconf 84' lang='lat' dir='ltr'>Ad</span> <span class='ocrx_word' id='word_1_20' title='bbox 659 576 956 656; x_wconf 88' lang='lat' dir='ltr'>singultus</span> <span class='ocrx_word' id='word_1_21' title='bbox 1010 575 1367 637; x_wconf 89' lang='lat' dir='ltr'>inhibendos</span> <span class='ocrx_word' id='word_1_22' title='bbox 1424 575 1742 654; x_wconf 81' lang='lat' dir='ltr'><strong>festucam,</strong></span> <span class='ocrx_word' id='word_1_23' title='bbox 1800 591 1978 653; x_wconf 91' lang='lat' dir='ltr'>quam</span> <span class='ocrx_word' id='word_1_24' title='bbox 2037 572 2250 633; x_wconf 89' lang='lat' dir='ltr'>bibens</span> <span class='ocrx_word' id='word_1_25' title='bbox 2303 573 2364 631; x_wconf 92' lang='lat' dir='ltr'>in</span> 
     </span>
     <span class='ocr_line' id='line_1_5' title="bbox 336 664 2363 746; baseline -0.002 -20"><span class='ocrx_word' id='word_1_26' title='bbox 336 665 519 726; x_wconf 92' lang='lat' dir='ltr'>calice</span> <span class='ocrx_word' id='word_1_27' title='bbox 559 667 882 746; x_wconf 88' lang='lat' dir='ltr'>acceperis,</span> <span class='ocrx_word' id='word_1_28' title='bbox 918 667 1195 744; x_wconf 88' lang='lat' dir='ltr'>protinus</span> <span class='ocrx_word' id='word_1_29' title='bbox 1233 664 1554 743; x_wconf 92' lang='lat' dir='ltr'>supercilio</span> <span class='ocrx_word' id='word_1_30' title='bbox 1594 665 1838 724; x_wconf 87' lang='lat' dir='ltr'>sinistro</span> <span class='ocrx_word' id='word_1_31' title='bbox 1876 664 2192 742; x_wconf 81' lang='lat' dir='ltr'>imponit03</span> <span class='ocrx_word' id='word_1_32' title='bbox 2231 678 2363 722; x_wconf 91' lang='lat' dir='ltr'>con-</span> 
     </span>
     <span class='ocr_line' id='line_1_6' title="bbox 228 751 2532 833; baseline -0.003 -19"><span class='ocrx_word' id='word_1_33' title='bbox 228 766 297 814; x_wconf 84' lang='lat'>43</span> <span class='ocrx_word' id='word_1_34' title='bbox 335 757 511 815; x_wconf 83' lang='lat' dir='ltr'>tinuo</span> <span class='ocrx_word' id='word_1_35' title='bbox 552 754 885 815; x_wconf 88' lang='lat' dir='ltr'>remedium</span> <span class='ocrx_word' id='word_1_36' title='bbox 923 756 1267 833; x_wconf 67' lang='lat' dir='ltr'>experieris</span> <span class='ocrx_word' id='word_1_37' title='bbox 1335 752 1404 814; x_wconf 90' lang='lat' dir='ltr'>In</span> <span class='ocrx_word' id='word_1_38' title='bbox 1441 771 1655 832; x_wconf 90' lang='lat' dir='ltr'>aquam</span> <span class='ocrx_word' id='word_1_39' title='bbox 1692 751 1942 812; x_wconf 83' lang='lat' dir='ltr'>calidam</span> <span class='ocrx_word' id='word_1_40' title='bbox 1978 769 2189 811; x_wconf 89' lang='lat' dir='ltr'>manus</span> <span class='ocrx_word' id='word_1_41' title='bbox 2228 751 2362 810; x_wconf 92' lang='lat' dir='ltr'>mis·</span> <span class='ocrx_word' id='word_1_42' title='bbox 2412 767 2435 808; x_wconf 83' lang='lat'><strong>5</strong></span> <span class='ocrx_word' id='word_1_43' title='bbox 2531 802 2532 807; x_wconf 73' lang='grc'>,</span> 
     </span>
     <span class='ocr_line' id='line_1_7' title="bbox 336 838 2532 922; baseline -0.002 -19"><span class='ocrx_word' id='word_1_44' title='bbox 336 861 436 903; x_wconf 91' lang='lat' dir='ltr'>sae</span> <span class='ocrx_word' id='word_1_45' title='bbox 483 844 707 922; x_wconf 91' lang='lat' dir='ltr'>diuque</span> <span class='ocrx_word' id='word_1_46' title='bbox 753 842 873 903; x_wconf 92' lang='lat' dir='ltr'>illic</span> <span class='ocrx_word' id='word_1_47' title='bbox 921 850 1188 904; x_wconf 79' lang='lat' dir='ltr'>retentae</span> <span class='ocrx_word' id='word_1_48' title='bbox 1235 841 1534 921; x_wconf 85' lang='lat' dir='ltr'>singultus</span> <span class='ocrx_word' id='word_1_49' title='bbox 1581 840 1921 902; x_wconf 84' lang='lat' dir='ltr'>crebriores</span> <span class='ocrx_word' id='word_1_50' title='bbox 1966 839 2241 900; x_wconf 84' lang='lat' dir='ltr'>inhibere</span> <span class='ocrx_word' id='word_1_51' title='bbox 2283 838 2364 898; x_wconf 88' lang='lat' dir='ltr'>di·</span> <span class='ocrx_word' id='word_1_52' title='bbox 2531 842 2532 849; x_wconf 76' lang='grc'>’</span> 
     </span>
     <span class='ocr_line' id='line_1_8' title="bbox 231 929 2367 1007; baseline -0.002 -15"><span class='ocrx_word' id='word_1_53' title='bbox 231 944 301 992; x_wconf 83' lang='lat'>44</span> <span class='ocrx_word' id='word_1_54' title='bbox 338 940 574 993; x_wconf 89' lang='lat' dir='ltr'>cuntur.</span> <span class='ocrx_word' id='word_1_55' title='bbox 648 932 880 993; x_wconf 83' lang='lat' dir='ltr'>Anulus</span> <span class='ocrx_word' id='word_1_56' title='bbox 923 934 990 992; x_wconf 92' lang='lat' dir='ltr'>in</span> <span class='ocrx_word' id='word_1_57' title='bbox 1036 934 1277 993; x_wconf 89' lang='lat' dir='ltr'>sinistra</span> <span class='ocrx_word' id='word_1_58' title='bbox 1325 949 1504 991; x_wconf 89' lang='lat' dir='ltr'>manu</span> <span class='ocrx_word' id='word_1_59' title='bbox 1553 933 1616 991; x_wconf 89' lang='lat' dir='ltr'>in</span> <span class='ocrx_word' id='word_1_60' title='bbox 1661 930 1857 990; x_wconf 88' lang='lat' dir='ltr'>medio</span> <span class='ocrx_word' id='word_1_61' title='bbox 1905 930 2090 1007; x_wconf 85' lang='lat' dir='ltr'>digito</span> <span class='ocrx_word' id='word_1_62' title='bbox 2136 929 2367 1007; x_wconf 89' lang='lat' dir='ltr'>positus</span> 
     </span>
     <span class='ocr_line' id='line_1_9' title="bbox 230 1016 2366 1098; baseline -0.002 -17"><span class='ocrx_word' id='word_1_63' title='bbox 230 1032 299 1081; x_wconf 80' lang='lat'>45</span> <span class='ocrx_word' id='word_1_64' title='bbox 338 1019 429 1082; x_wconf 89' lang='lat' dir='ltr'>vel</span> <span class='ocrx_word' id='word_1_65' title='bbox 473 1020 696 1082; x_wconf 91' lang='lat' dir='ltr'>ibidem</span> <span class='ocrx_word' id='word_1_66' title='bbox 739 1019 1062 1081; x_wconf 88' lang='lat' dir='ltr'>translatus</span> <span class='ocrx_word' id='word_1_67' title='bbox 1109 1019 1408 1098; x_wconf 90' lang='lat' dir='ltr'>singultus</span> <span class='ocrx_word' id='word_1_68' title='bbox 1455 1021 1657 1081; x_wconf 88' lang='lat' dir='ltr'>statim</span> <span class='ocrx_word' id='word_1_69' title='bbox 1706 1020 2050 1097; x_wconf 85' lang='lat' dir='ltr'>compescit.</span> <span class='ocrx_word' id='word_1_70' title='bbox 2124 1016 2194 1078; x_wconf 89' lang='lat' dir='ltr'>Si</span> <span class='ocrx_word' id='word_1_71' title='bbox 2238 1018 2366 1096; x_wconf 90' lang='lat' dir='ltr'>quis</span> 
     </span>
     <span class='ocr_line' id='line_1_10' title="bbox 337 1108 2369 1188; baseline -0.002 -18"><span class='ocrx_word' id='word_1_72' title='bbox 337 1109 693 1188; x_wconf 85' lang='lat' dir='ltr'>singultiens</span> <span class='ocrx_word' id='word_1_73' title='bbox 730 1111 884 1170; x_wconf 90' lang='lat' dir='ltr'>aceti</span> <span class='ocrx_word' id='word_1_74' title='bbox 922 1108 1182 1170; x_wconf 89' lang='lat' dir='ltr'>scillitici</span> <span class='ocrx_word' id='word_1_75' title='bbox 1218 1109 1487 1169; x_wconf 88' lang='lat' dir='ltr'>cocleare</span> <span class='ocrx_word' id='word_1_76' title='bbox 1526 1109 1769 1188; x_wconf 91' lang='lat' dir='ltr'>plenum</span> <span class='ocrx_word' id='word_1_77' title='bbox 1808 1108 2125 1187; x_wconf 85' lang='lat' dir='ltr'>acceperit,</span> <span class='ocrx_word' id='word_1_78' title='bbox 2174 1108 2369 1167; x_wconf 88' lang='lat' dir='ltr'>statim</span> 
     </span>
     <span class='ocr_line' id='line_1_11' title="bbox 339 1194 2437 1278; baseline -0.003 -20"><span class='ocrx_word' id='word_1_79' title='bbox 339 1198 652 1276; x_wconf 83' lang='lat' dir='ltr'>singultire</span> <span class='ocrx_word' id='word_1_80' title='bbox 708 1197 967 1278; x_wconf 81' lang='lat' dir='ltr'>desinet3</span> <span class='ocrx_word' id='word_1_81' title='bbox 1029 1197 1189 1258; x_wconf 92' lang='lat' dir='ltr'>idem</span> <span class='ocrx_word' id='word_1_82' title='bbox 1244 1206 1509 1278; x_wconf 80' lang='lat' dir='ltr'>praestat</span> <span class='ocrx_word' id='word_1_83' title='bbox 1564 1205 1624 1257; x_wconf 89' lang='lat' dir='ltr'>et</span> <span class='ocrx_word' id='word_1_84' title='bbox 1679 1215 1868 1275; x_wconf 89' lang='lat' dir='ltr'>aquae</span> <span class='ocrx_word' id='word_1_85' title='bbox 1924 1198 2067 1256; x_wconf 89' lang='lat' dir='ltr'>satis</span> <span class='ocrx_word' id='word_1_86' title='bbox 2123 1194 2367 1274; x_wconf 88' lang='lat' dir='ltr'>frigidae</span> <span class='ocrx_word' id='word_1_87' title='bbox 2391 1212 2437 1251; x_wconf 84' lang='grc' dir='ltr'>ιο</span> 
     </span>
     <span class='ocr_line' id='line_1_12' title="bbox 339 1286 2368 1366; baseline -0.001 -20"><span class='ocrx_word' id='word_1_88' title='bbox 339 1286 625 1347; x_wconf 91' lang='lat' dir='ltr'>adsiduus</span> <span class='ocrx_word' id='word_1_89' title='bbox 670 1294 945 1365; x_wconf 91' lang='lat' dir='ltr'>gustatus</span> <span class='ocrx_word' id='word_1_90' title='bbox 983 1295 1044 1346; x_wconf 91' lang='lat' dir='ltr'>et</span> <span class='ocrx_word' id='word_1_91' title='bbox 1081 1288 1133 1347; x_wconf 93' lang='lat' dir='ltr'>si</span> <span class='ocrx_word' id='word_1_92' title='bbox 1172 1289 1309 1365; x_wconf 90' lang='lat' dir='ltr'>quis</span> <span class='ocrx_word' id='word_1_93' title='bbox 1346 1288 1624 1366; x_wconf 86' lang='lat' dir='ltr'>spiritum</span> <span class='ocrx_word' id='word_1_94' title='bbox 1661 1287 1990 1346; x_wconf 86' lang='lat' dir='ltr'>introrsum</span> <span class='ocrx_word' id='word_1_95' title='bbox 2033 1291 2276 1345; x_wconf 86' lang='lat' dir='ltr'>revocet</span> <span class='ocrx_word' id='word_1_96' title='bbox 2311 1291 2368 1343; x_wconf 91' lang='lat' dir='ltr'>et</span> 
     </span>
     <span class='ocr_line' id='line_1_13' title="bbox 339 1372 2366 1456; baseline -0.002 -21"><span class='ocrx_word' id='word_1_97' title='bbox 339 1374 700 1454; x_wconf 85' lang='lat' dir='ltr'>aliquamdiu</span> <span class='ocrx_word' id='word_1_98' title='bbox 739 1377 1058 1456; x_wconf 88' lang='lat' dir='ltr'>contineat,</span> <span class='ocrx_word' id='word_1_99' title='bbox 1098 1376 1375 1437; x_wconf 91' lang='lat' dir='ltr'>similiter</span> <span class='ocrx_word' id='word_1_100' title='bbox 1409 1374 1835 1436; x_wconf 86' lang='lat' dir='ltr'>remediabitur</span> <span class='ocrx_word' id='word_1_101' title='bbox 1862 1393 1973 1434; x_wconf 92' lang='lat' dir='ltr'>nec</span> <span class='ocrx_word' id='word_1_102' title='bbox 2002 1375 2204 1434; x_wconf 88' lang='lat' dir='ltr'>minus</span> <span class='ocrx_word' id='word_1_103' title='bbox 2233 1372 2366 1432; x_wconf 88' lang='lat' dir='ltr'>huic</span> 
     </span>
     <span class='ocr_line' id='line_1_14' title="bbox 338 1464 2064 1543; baseline -0.001 -19"><span class='ocrx_word' id='word_1_104' title='bbox 338 1465 430 1524; x_wconf 89' lang='lat' dir='ltr'>rei</span> <span class='ocrx_word' id='word_1_105' title='bbox 476 1464 722 1543; x_wconf 87' lang='lat' dir='ltr'>prodest</span> <span class='ocrx_word' id='word_1_106' title='bbox 762 1471 1251 1525; x_wconf 87' lang='lat' dir='ltr'>sternumentum</span> <span class='ocrx_word' id='word_1_107' title='bbox 1298 1467 1361 1524; x_wconf 93' lang='lat' dir='ltr'>in</span> <span class='ocrx_word' id='word_1_108' title='bbox 1407 1473 1677 1543; x_wconf 92' lang='lat' dir='ltr'>tempore</span> <span class='ocrx_word' id='word_1_109' title='bbox 1725 1465 2064 1525; x_wconf 82' lang='lat' dir='ltr'>excitatum.</span> 
     </span>
     <span class='ocr_line' id='line_1_15' title="bbox 232 1551 2368 1632; baseline -0 -22"><span class='ocrx_word' id='word_1_110' title='bbox 232 1562 301 1618; x_wconf 76' lang='grc'>46</span> <span class='ocrx_word' id='word_1_111' title='bbox 516 1551 749 1613; x_wconf 90' lang='lat' dir='ltr'>Herbae</span> <span class='ocrx_word' id='word_1_112' title='bbox 805 1555 1116 1632; x_wconf 86' lang='lat' dir='ltr'>trixaginis</span> <span class='ocrx_word' id='word_1_113' title='bbox 1173 1561 1459 1615; x_wconf 91' lang='lat' dir='ltr'>contusae</span> <span class='ocrx_word' id='word_1_114' title='bbox 1514 1556 1576 1614; x_wconf 91' lang='lat' dir='ltr'>in</span> <span class='ocrx_word' id='word_1_115' title='bbox 1631 1553 1825 1630; x_wconf 90' lang='lat' dir='ltr'>lignea</span> <span class='ocrx_word' id='word_1_116' title='bbox 1879 1551 2000 1631; x_wconf 92' lang='lat' dir='ltr'>pila</span> <span class='ocrx_word' id='word_1_117' title='bbox 2046 1569 2231 1612; x_wconf 90' lang='lat' dir='ltr'>sucus</span> <span class='ocrx_word' id='word_1_118' title='bbox 2277 1568 2368 1609; x_wconf 80' lang='lat' dir='ltr'>ex·</span> 
     </span>
     <span class='ocr_line' id='line_1_16' title="bbox 337 1639 2437 1721; baseline -0.003 -20"><span class='ocrx_word' id='word_1_119' title='bbox 337 1659 584 1721; x_wconf 90' lang='lat' dir='ltr'>pressus</span> <span class='ocrx_word' id='word_1_120' title='bbox 640 1660 779 1702; x_wconf 93' lang='lat' dir='ltr'>cum</span> <span class='ocrx_word' id='word_1_121' title='bbox 833 1643 968 1702; x_wconf 91' lang='lat' dir='ltr'>vino</span> <span class='ocrx_word' id='word_1_122' title='bbox 1026 1640 1216 1702; x_wconf 89' lang='lat' dir='ltr'>calido</span> <span class='ocrx_word' id='word_1_123' title='bbox 1271 1644 1444 1721; x_wconf 93' lang='lat' dir='ltr'>potui</span> <span class='ocrx_word' id='word_1_124' title='bbox 1498 1642 1671 1703; x_wconf 92' lang='lat' dir='ltr'>datus</span> <span class='ocrx_word' id='word_1_125' title='bbox 1727 1651 1937 1720; x_wconf 89' lang='lat' dir='ltr'>ruptos</span> <span class='ocrx_word' id='word_1_126' title='bbox 1992 1642 2117 1701; x_wconf 89' lang='lat' dir='ltr'>sive</span> <span class='ocrx_word' id='word_1_127' title='bbox 2175 1639 2369 1700; x_wconf 88' lang='lat' dir='ltr'>vulsos</span> <span class='ocrx_word' id='word_1_128' title='bbox 2394 1653 2437 1695; x_wconf 89' lang='lat'>15</span> 
     </span>
     <span class='ocr_line' id='line_1_17' title="bbox 232 1726 2370 1810; baseline -0.001 -20"><span class='ocrx_word' id='word_1_129' title='bbox 232 1741 301 1790; x_wconf 82' lang='lat'>47</span> <span class='ocrx_word' id='word_1_130' title='bbox 342 1738 403 1790; x_wconf 89' lang='lat' dir='ltr'>et</span> <span class='ocrx_word' id='word_1_131' title='bbox 466 1733 826 1791; x_wconf 90' lang='lat' dir='ltr'>reumaticos</span> <span class='ocrx_word' id='word_1_132' title='bbox 893 1731 1217 1792; x_wconf 88' lang='lat' dir='ltr'>efficaciter</span> <span class='ocrx_word' id='word_1_133' title='bbox 1284 1738 1469 1793; x_wconf 91' lang='lat' dir='ltr'>sanat.</span> <span class='ocrx_word' id='word_1_134' title='bbox 1519 1773 1538 1793; x_wconf 84' lang='lat'>.</span> <span class='ocrx_word' id='word_1_135' title='bbox 1559 1730 2000 1810; x_wconf 83' lang='lat' dir='ltr'>Asparagorum</span> <span class='ocrx_word' id='word_1_136' title='bbox 2064 1729 2237 1789; x_wconf 82' lang='lat' dir='ltr'>radix</span> <span class='ocrx_word' id='word_1_137' title='bbox 2303 1726 2370 1787; x_wconf 91' lang='lat' dir='ltr'>ad</span> 
     </span>
     <span class='ocr_line' id='line_1_18' title="bbox 338 1816 2370 1898; baseline -0.001 -20"><span class='ocrx_word' id='word_1_138' title='bbox 338 1819 573 1898; x_wconf 90' lang='lat' dir='ltr'>pondus</span> <span class='ocrx_word' id='word_1_139' title='bbox 631 1820 1013 1881; x_wconf 87' lang='lat' dir='ltr'>denariorum</span> <span class='ocrx_word' id='word_1_140' title='bbox 1069 1820 1327 1881; x_wconf 88' lang='lat' dir='ltr'>duorum</span> <span class='ocrx_word' id='word_1_141' title='bbox 1383 1829 1443 1880; x_wconf 89' lang='lat' dir='ltr'>et</span> <span class='ocrx_word' id='word_1_142' title='bbox 1488 1818 1786 1880; x_wconf 89' lang='lat' dir='ltr'>brassicae</span> <span class='ocrx_word' id='word_1_143' title='bbox 1838 1819 1978 1880; x_wconf 86' lang='lat' dir='ltr'>folia</span> <span class='ocrx_word' id='word_1_144' title='bbox 2022 1816 2370 1878; x_wconf 88' lang='lat' dir='ltr'>tantundem</span> 
     </span>
     <span class='ocr_line' id='line_1_19' title="bbox 340 1906 2371 1987; baseline -0.001 -20"><span class='ocrx_word' id='word_1_145' title='bbox 340 1925 657 1969; x_wconf 89' lang='lat' dir='ltr'>mensurae</span> <span class='ocrx_word' id='word_1_146' title='bbox 713 1910 969 1969; x_wconf 87' lang='lat' dir='ltr'>contrita</span> <span class='ocrx_word' id='word_1_147' title='bbox 1025 1917 1203 1987; x_wconf 91' lang='lat' dir='ltr'>atque</span> <span class='ocrx_word' id='word_1_148' title='bbox 1259 1928 1334 1968; x_wconf 82' lang='lat' dir='ltr'>ex</span> <span class='ocrx_word' id='word_1_149' title='bbox 1378 1911 1515 1969; x_wconf 88' lang='lat' dir='ltr'>vino</span> <span class='ocrx_word' id='word_1_150' title='bbox 1562 1910 1734 1986; x_wconf 88' lang='lat' dir='ltr'>nigro</span> <span class='ocrx_word' id='word_1_151' title='bbox 1781 1906 1874 1968; x_wconf 91' lang='lat' dir='ltr'>vel</span> <span class='ocrx_word' id='word_1_152' title='bbox 1920 1915 2162 1967; x_wconf 84' lang='lat' dir='ltr'>austero</span> <span class='ocrx_word' id='word_1_153' title='bbox 2211 1906 2371 1985; x_wconf 87' lang='lat' dir='ltr'>potui</span> 
     </span>
     <span class='ocr_line' id='line_1_20' title="bbox 234 1995 2371 2076; baseline -0.002 -19"><span class='ocrx_word' id='word_1_154' title='bbox 234 2007 304 2057; x_wconf 82' lang='grc'>48</span> <span class='ocrx_word' id='word_1_155' title='bbox 343 1996 476 2057; x_wconf 89' lang='lat' dir='ltr'>data</span> <span class='ocrx_word' id='word_1_156' title='bbox 525 1996 707 2057; x_wconf 87' lang='lat' dir='ltr'>vulsis</span> <span class='ocrx_word' id='word_1_157' title='bbox 755 2005 815 2058; x_wconf 89' lang='lat' dir='ltr'>et</span> <span class='ocrx_word' id='word_1_158' title='bbox 859 1999 1205 2059; x_wconf 90' lang='lat' dir='ltr'>reumaticis</span> <span class='ocrx_word' id='word_1_159' title='bbox 1252 1998 1505 2058; x_wconf 86' lang='lat' dir='ltr'>mirifice</span> <span class='ocrx_word' id='word_1_160' title='bbox 1541 2004 1813 2076; x_wconf 88' lang='lat' dir='ltr'>prosunt.</span> <span class='ocrx_word' id='word_1_161' title='bbox 1878 1996 1947 2055; x_wconf 89' lang='lat' dir='ltr'>In</span> <span class='ocrx_word' id='word_1_162' title='bbox 1983 1995 2120 2074; x_wconf 88' lang='lat' dir='ltr'>pila,</span> <span class='ocrx_word' id='word_1_163' title='bbox 2157 1997 2226 2054; x_wconf 92' lang='lat' dir='ltr'>in</span> <span class='ocrx_word' id='word_1_164' title='bbox 2263 2010 2371 2073; x_wconf 88' lang='lat' dir='ltr'>qua</span> 
     </span>
     <span class='ocr_line' id='line_1_21' title="bbox 341 2080 2437 2165; baseline -0.003 -19"><span class='ocrx_word' id='word_1_165' title='bbox 341 2086 710 2147; x_wconf 87' lang='lat' dir='ltr'>frumentum</span> <span class='ocrx_word' id='word_1_166' title='bbox 755 2086 1055 2164; x_wconf 86' lang='lat' dir='ltr'>tunditur,</span> <span class='ocrx_word' id='word_1_167' title='bbox 1112 2085 1725 2165; x_wconf 90' lang='lat' dir='ltr'>quantulumcumque</span> <span class='ocrx_word' id='word_1_168' title='bbox 1783 2083 2048 2146; x_wconf 88' lang='lat' dir='ltr'>sordium</span> <span class='ocrx_word' id='word_1_169' title='bbox 2096 2093 2203 2144; x_wconf 85' lang='lat' dir='ltr'>aut</span> <span class='ocrx_word' id='word_1_170' title='bbox 2247 2080 2369 2161; x_wconf 91' lang='lat' dir='ltr'>pul·</span> <span class='ocrx_word' id='word_1_171' title='bbox 2393 2098 2437 2139; x_wconf 78' lang='lat'>20</span> 
     </span>
     <span class='ocr_line' id='line_1_22' title="bbox 339 2172 2368 2253; baseline -0.001 -21"><span class='ocrx_word' id='word_1_172' title='bbox 339 2176 498 2233; x_wconf 88' lang='lat' dir='ltr'>veris</span> <span class='ocrx_word' id='word_1_173' title='bbox 552 2175 853 2234; x_wconf 86' lang='lat' dir='ltr'>inveneris</span> <span class='ocrx_word' id='word_1_174' title='bbox 910 2172 1121 2251; x_wconf 92' lang='lat' dir='ltr'>collige</span> <span class='ocrx_word' id='word_1_175' title='bbox 1175 2176 1440 2253; x_wconf 89' lang='lat' dir='ltr'>itemque</span> <span class='ocrx_word' id='word_1_176' title='bbox 1495 2178 1560 2235; x_wconf 92' lang='lat' dir='ltr'>in</span> <span class='ocrx_word' id='word_1_177' title='bbox 1614 2192 1685 2234; x_wconf 92' lang='lat' dir='ltr'>eo</span> <span class='ocrx_word' id='word_1_178' title='bbox 1740 2173 1869 2234; x_wconf 94' lang='lat' dir='ltr'>loco</span> <span class='ocrx_word' id='word_1_179' title='bbox 1927 2172 2019 2232; x_wconf 91' lang='lat' dir='ltr'>vel</span> <span class='ocrx_word' id='word_1_180' title='bbox 2064 2172 2368 2249; x_wconf 89' lang='lat' dir='ltr'>foramine,</span> 
     </span>
     <span class='ocr_line' id='line_1_23' title="bbox 340 2258 2370 2345; baseline -0 -24"><span class='ocrx_word' id='word_1_181' title='bbox 340 2264 405 2321; x_wconf 95' lang='lat' dir='ltr'>in</span> <span class='ocrx_word' id='word_1_182' title='bbox 442 2279 559 2340; x_wconf 91' lang='lat' dir='ltr'>quo</span> <span class='ocrx_word' id='word_1_183' title='bbox 599 2264 812 2322; x_wconf 89' lang='lat' dir='ltr'>ianuae</span> <span class='ocrx_word' id='word_1_184' title='bbox 849 2261 1077 2340; x_wconf 91' lang='lat' dir='ltr'>pessuli</span> <span class='ocrx_word' id='word_1_185' title='bbox 1114 2262 1506 2345; x_wconf 85' lang='lat' dir='ltr'>descendunt,</span> <span class='ocrx_word' id='word_1_186' title='bbox 1544 2263 1836 2342; x_wconf 91' lang='lat' dir='ltr'>quidquid</span> <span class='ocrx_word' id='word_1_187' title='bbox 1873 2263 2222 2342; x_wconf 89' lang='lat' dir='ltr'>reppereris</span> <span class='ocrx_word' id='word_1_188' title='bbox 2260 2258 2370 2321; x_wconf 87' lang='lat' dir='ltr'>col·</span> 
     </span>
     <span class='ocr_line' id='line_1_24' title="bbox 341 2349 2370 2429; baseline -0 -20"><span class='ocrx_word' id='word_1_189' title='bbox 341 2349 456 2428; x_wconf 89' lang='lat' dir='ltr'>lige</span> <span class='ocrx_word' id='word_1_190' title='bbox 511 2358 571 2410; x_wconf 86' lang='lat' dir='ltr'>et</span> <span class='ocrx_word' id='word_1_191' title='bbox 626 2352 690 2410; x_wconf 96' lang='lat' dir='ltr'>in</span> <span class='ocrx_word' id='word_1_192' title='bbox 744 2368 931 2410; x_wconf 91' lang='lat' dir='ltr'>unum</span> <span class='ocrx_word' id='word_1_193' title='bbox 987 2353 1281 2429; x_wconf 88' lang='lat' dir='ltr'>permisce</span> <span class='ocrx_word' id='word_1_194' title='bbox 1338 2360 1400 2413; x_wconf 88' lang='lat' dir='ltr'>et</span> <span class='ocrx_word' id='word_1_195' title='bbox 1454 2354 1633 2413; x_wconf 91' lang='lat' dir='ltr'>tacite</span> <span class='ocrx_word' id='word_1_196' title='bbox 1689 2351 1782 2412; x_wconf 91' lang='lat' dir='ltr'>vel</span> <span class='ocrx_word' id='word_1_197' title='bbox 1838 2349 2072 2412; x_wconf 90' lang='lat' dir='ltr'>occulto</span> <span class='ocrx_word' id='word_1_198' title='bbox 2126 2349 2262 2410; x_wconf 94' lang='lat' dir='ltr'>loco</span> <span class='ocrx_word' id='word_1_199' title='bbox 2312 2350 2370 2408; x_wconf 89' lang='lat' dir='ltr'>in</span> 
     </span>
     <span class='ocr_line' id='line_1_25' title="bbox 341 2439 2370 2521; baseline -0 -23"><span class='ocrx_word' id='word_1_200' title='bbox 341 2439 647 2517; x_wconf 91' lang='lat' dir='ltr'>potionem</span> <span class='ocrx_word' id='word_1_201' title='bbox 703 2446 805 2499; x_wconf 90' lang='lat' dir='ltr'>aut</span> <span class='ocrx_word' id='word_1_202' title='bbox 861 2439 1062 2500; x_wconf 88' lang='lat' dir='ltr'>cibum</span> <span class='ocrx_word' id='word_1_203' title='bbox 1116 2439 1269 2501; x_wconf 91' lang='lat' dir='ltr'>vulsi</span> <span class='ocrx_word' id='word_1_204' title='bbox 1323 2439 1648 2502; x_wconf 89' lang='lat' dir='ltr'>laborantis</span> <span class='ocrx_word' id='word_1_205' title='bbox 1713 2443 2024 2521; x_wconf 82' lang='lat' dir='ltr'>insperge3</span> <span class='ocrx_word' id='word_1_206' title='bbox 2090 2440 2370 2499; x_wconf 91' lang='lat' dir='ltr'>continuo</span> 
     </span>
     <span class='ocr_line' id='line_1_26' title="bbox 237 2527 2437 2610; baseline -0.003 -22"><span class='ocrx_word' id='word_1_207' title='bbox 237 2539 315 2593; x_wconf 79' lang='lat'>49,</span> <span class='ocrx_word' id='word_1_208' title='bbox 345 2527 564 2588; x_wconf 89' lang='lat' dir='ltr'>malum</span> <span class='ocrx_word' id='word_1_209' title='bbox 613 2527 901 2607; x_wconf 88' lang='lat' dir='ltr'>dolorque</span> <span class='ocrx_word' id='word_1_210' title='bbox 949 2528 1269 2590; x_wconf 89' lang='lat' dir='ltr'>sedabitur.</span> <span class='ocrx_word' id='word_1_211' title='bbox 1342 2529 1653 2610; x_wconf 86' lang='lat' dir='ltr'>Serpentis</span> <span class='ocrx_word' id='word_1_212' title='bbox 1696 2538 1992 2608; x_wconf 82' lang='lat' dir='ltr'>senectuS‚</span> <span class='ocrx_word' id='word_1_213' title='bbox 2038 2528 2099 2589; x_wconf 92' lang='lat' dir='ltr'>id</span> <span class='ocrx_word' id='word_1_214' title='bbox 2148 2536 2244 2588; x_wconf 91' lang='lat' dir='ltr'>est</span> <span class='ocrx_word' id='word_1_215' title='bbox 2278 2543 2369 2587; x_wconf 86' lang='lat' dir='ltr'>ex·</span> <span class='ocrx_word' id='word_1_216' title='bbox 2393 2540 2437 2581; x_wconf 62' lang='grc' dir='ltr'>πε</span> 
     </span>
     <span class='ocr_line' id='line_1_27' title="bbox 344 2616 2370 2696; baseline -0.001 -20"><span class='ocrx_word' id='word_1_217' title='bbox 344 2618 542 2696; x_wconf 86' lang='lat' dir='ltr'>uviae,</span> <span class='ocrx_word' id='word_1_218' title='bbox 599 2617 736 2677; x_wconf 91' lang='lat' dir='ltr'>licio</span> <span class='ocrx_word' id='word_1_219' title='bbox 793 2616 1062 2696; x_wconf 89' lang='lat' dir='ltr'>alligatae</span> <span class='ocrx_word' id='word_1_220' title='bbox 1119 2625 1179 2679; x_wconf 89' lang='lat' dir='ltr'>et</span> <span class='ocrx_word' id='word_1_221' title='bbox 1224 2617 1394 2678; x_wconf 90' lang='lat' dir='ltr'>vulso</span> <span class='ocrx_word' id='word_1_222' title='bbox 1441 2619 1842 2680; x_wconf 90' lang='lat' dir='ltr'>circumdatae</span> <span class='ocrx_word' id='word_1_223' title='bbox 1899 2620 2047 2678; x_wconf 90' lang='lat' dir='ltr'>mire</span> <span class='ocrx_word' id='word_1_224' title='bbox 2102 2623 2370 2695; x_wconf 88' lang='lat' dir='ltr'>prosunt.</span> 
     </span>
     <span class='ocr_line' id='line_1_28' title="bbox 238 2704 2371 2786; baseline -0 -20"><span class='ocrx_word' id='word_1_225' title='bbox 238 2715 308 2766; x_wconf 78' lang='lat'>50</span> <span class='ocrx_word' id='word_1_226' title='bbox 346 2704 592 2765; x_wconf 89' lang='lat' dir='ltr'>Stercus</span> <span class='ocrx_word' id='word_1_227' title='bbox 628 2708 820 2766; x_wconf 89' lang='lat' dir='ltr'>verris</span> <span class='ocrx_word' id='word_1_228' title='bbox 856 2708 1050 2786; x_wconf 91' lang='lat' dir='ltr'>primo</span> <span class='ocrx_word' id='word_1_229' title='bbox 1088 2724 1226 2767; x_wconf 88' lang='lat' dir='ltr'>vere</span> <span class='ocrx_word' id='word_1_230' title='bbox 1257 2707 1572 2769; x_wconf 86' lang='lat' dir='ltr'>collectum</span> <span class='ocrx_word' id='word_1_231' title='bbox 1601 2708 2048 2786; x_wconf 88' lang='lat' dir='ltr'>arefactumque</span> <span class='ocrx_word' id='word_1_232' title='bbox 2077 2714 2138 2766; x_wconf 90' lang='lat' dir='ltr'>et</span> <span class='ocrx_word' id='word_1_233' title='bbox 2167 2708 2371 2766; x_wconf 89' lang='lat' dir='ltr'>tritum</span> 
     </span>
     <span class='ocr_line' id='line_1_29' title="bbox 342 2794 2368 2874; baseline -0.001 -20"><span class='ocrx_word' id='word_1_234' title='bbox 342 2797 404 2854; x_wconf 91' lang='lat' dir='ltr'>in</span> <span class='ocrx_word' id='word_1_235' title='bbox 449 2795 692 2874; x_wconf 91' lang='lat' dir='ltr'>potione</span> <span class='ocrx_word' id='word_1_236' title='bbox 740 2794 943 2856; x_wconf 89' lang='lat' dir='ltr'>datum</span> <span class='ocrx_word' id='word_1_237' title='bbox 990 2795 1400 2857; x_wconf 88' lang='lat' dir='ltr'>efficacissime</span> <span class='ocrx_word' id='word_1_238' title='bbox 1446 2797 1648 2857; x_wconf 90' lang='lat' dir='ltr'>vulsos</span> <span class='ocrx_word' id='word_1_239' title='bbox 1696 2806 1756 2857; x_wconf 86' lang='lat' dir='ltr'>et</span> <span class='ocrx_word' id='word_1_240' title='bbox 1793 2796 2152 2857; x_wconf 90' lang='lat' dir='ltr'>reumaticos</span> <span class='ocrx_word' id='word_1_241' title='bbox 2191 2802 2368 2855; x_wconf 88' lang='lat' dir='ltr'>sanat.</span> 
     </span>
     <span class='ocr_line' id='line_1_30' title="bbox 238 2883 2371 2966; baseline -0.001 -23"><span class='ocrx_word' id='word_1_242' title='bbox 238 2893 306 2944; x_wconf 78' lang='lat'>51</span> <span class='ocrx_word' id='word_1_243' title='bbox 521 2883 614 2943; x_wconf 83' lang='lat' dir='ltr'>Ad</span> <span class='ocrx_word' id='word_1_244' title='bbox 662 2901 792 2965; x_wconf 84' lang='lat' dir='ltr'>eoS‚</span> <span class='ocrx_word' id='word_1_245' title='bbox 840 2886 945 2963; x_wconf 92' lang='lat' dir='ltr'>qui</span> <span class='ocrx_word' id='word_1_246' title='bbox 991 2887 1341 2963; x_wconf 89' lang='lat' dir='ltr'>sanguinem</span> <span class='ocrx_word' id='word_1_247' title='bbox 1385 2904 1496 2965; x_wconf 90' lang='lat' dir='ltr'>per</span> <span class='ocrx_word' id='word_1_248' title='bbox 1542 2904 1610 2947; x_wconf 91' lang='lat' dir='ltr'>os</span> <span class='ocrx_word' id='word_1_249' title='bbox 1660 2887 1989 2966; x_wconf 84' lang='lat' dir='ltr'>proiciunt,</span> <span class='ocrx_word' id='word_1_250' title='bbox 2044 2883 2371 2944; x_wconf 89' lang='lat' dir='ltr'>remedium</span> 
     </span>
     <span class='ocr_line' id='line_1_31' title="bbox 343 2971 2439 3053; baseline -0.002 -22"><span class='ocrx_word' id='word_1_251' title='bbox 343 2972 486 3032; x_wconf 87' lang='lat' dir='ltr'>tale:</span> <span class='ocrx_word' id='word_1_252' title='bbox 552 2971 767 3033; x_wconf 88' lang='lat' dir='ltr'>Testae</span> <span class='ocrx_word' id='word_1_253' title='bbox 825 2974 998 3033; x_wconf 89' lang='lat' dir='ltr'>nucis</span> <span class='ocrx_word' id='word_1_254' title='bbox 1053 2975 1296 3034; x_wconf 89' lang='lat' dir='ltr'>maioris</span> <span class='ocrx_word' id='word_1_255' title='bbox 1352 2974 1675 3036; x_wconf 87' lang='lat' dir='ltr'>conbustae</span> <span class='ocrx_word' id='word_1_256' title='bbox 1732 2974 2051 3053; x_wconf 91' lang='lat' dir='ltr'>diligenter</span> <span class='ocrx_word' id='word_1_257' title='bbox 2105 2980 2371 3033; x_wconf 89' lang='lat' dir='ltr'>terantur</span> <span class='ocrx_word' id='word_1_258' title='bbox 2393 2985 2439 3028; x_wconf 71' lang='lat' dir='ltr'>eo</span> 
     </span>
     <span class='ocr_line' id='line_1_32' title="bbox 345 3061 2370 3145; baseline -0 -26"><span class='ocrx_word' id='word_1_259' title='bbox 345 3067 406 3119; x_wconf 92' lang='lat' dir='ltr'>et</span> <span class='ocrx_word' id='word_1_260' title='bbox 450 3079 589 3121; x_wconf 95' lang='lat' dir='ltr'>cum</span> <span class='ocrx_word' id='word_1_261' title='bbox 636 3069 803 3122; x_wconf 90' lang='lat' dir='ltr'>aceto</span> <span class='ocrx_word' id='word_1_262' title='bbox 852 3062 1096 3142; x_wconf 84' lang='lat' dir='ltr'>dentur3</span> <span class='ocrx_word' id='word_1_263' title='bbox 1145 3063 1248 3124; x_wconf 89' lang='lat' dir='ltr'>sed</span> <span class='ocrx_word' id='word_1_264' title='bbox 1287 3064 1341 3123; x_wconf 91' lang='lat' dir='ltr'>si</span> <span class='ocrx_word' id='word_1_265' title='bbox 1376 3063 1693 3145; x_wconf 84' lang='lat' dir='ltr'>febricitat,</span> <span class='ocrx_word' id='word_1_266' title='bbox 1736 3065 1836 3125; x_wconf 94' lang='lat' dir='ltr'>cui</span> <span class='ocrx_word' id='word_1_267' title='bbox 1872 3061 2233 3124; x_wconf 88' lang='lat' dir='ltr'>medendum</span> <span class='ocrx_word' id='word_1_268' title='bbox 2267 3068 2370 3138; x_wconf 77' lang='lat' dir='ltr'>est,</span> 
     </span>
     <span class='ocr_line' id='line_1_33' title="bbox 344 3152 2434 3233; baseline -0.001 -23"><span class='ocrx_word' id='word_1_269' title='bbox 344 3167 483 3210; x_wconf 92' lang='lat' dir='ltr'>cum</span> <span class='ocrx_word' id='word_1_270' title='bbox 537 3167 717 3228; x_wconf 88' lang='lat' dir='ltr'>posca</span> <span class='ocrx_word' id='word_1_271' title='bbox 774 3152 1021 3230; x_wconf 90' lang='lat' dir='ltr'>accipiat</span> <span class='ocrx_word' id='word_1_272' title='bbox 1077 3171 1187 3231; x_wconf 90' lang='lat' dir='ltr'>pro</span> <span class='ocrx_word' id='word_1_273' title='bbox 1244 3152 1448 3233; x_wconf 87' lang='lat' dir='ltr'>modo,</span> <span class='ocrx_word' id='word_1_274' title='bbox 1505 3160 1573 3214; x_wconf 86' lang='lat' dir='ltr'>ut</span> <span class='ocrx_word' id='word_1_275' title='bbox 1618 3171 1830 3214; x_wconf 89' lang='lat' dir='ltr'>causae</span> <span class='ocrx_word' id='word_1_276' title='bbox 1879 3160 2021 3213; x_wconf 89' lang='lat' dir='ltr'>sunt</span> <span class='ocrx_word' id='word_1_277' title='bbox 2066 3159 2168 3212; x_wconf 94' lang='lat' dir='ltr'>aut</span> <span class='ocrx_word' id='word_1_278' title='bbox 2215 3158 2369 3210; x_wconf 89' lang='lat' dir='ltr'>aetas</span> <span class='ocrx_word' id='word_1_279' title='bbox 2426 3164 2434 3170; x_wconf 90' lang='lat'><strong>·</strong></span> 
     </span>
     <span class='ocr_line' id='line_1_34' title="bbox 343 3240 2370 3321; baseline -0.002 -21"><span class='ocrx_word' id='word_1_280' title='bbox 343 3240 534 3300; x_wconf 36' lang='lat' dir='ltr'>unius.</span> <span class='ocrx_word' id='word_1_281' title='bbox 574 3241 866 3319; x_wconf 89' lang='lat' dir='ltr'>cuiusque</span> <span class='ocrx_word' id='word_1_282' title='bbox 911 3242 1166 3321; x_wconf 85' lang='lat' dir='ltr'>patitur,</span> <span class='ocrx_word' id='word_1_283' title='bbox 1222 3241 1283 3302; x_wconf 87' lang='lat' dir='ltr'>id</span> <span class='ocrx_word' id='word_1_284' title='bbox 1333 3251 1424 3302; x_wconf 89' lang='lat' dir='ltr'>est</span> <span class='ocrx_word' id='word_1_285' title='bbox 1470 3251 1537 3302; x_wconf 92' lang='lat' dir='ltr'>ut</span> <span class='ocrx_word' id='word_1_286' title='bbox 1582 3244 1761 3303; x_wconf 90' lang='lat' dir='ltr'>unius</span> <span class='ocrx_word' id='word_1_287' title='bbox 1806 3243 1981 3302; x_wconf 90' lang='lat' dir='ltr'>nucis</span> <span class='ocrx_word' id='word_1_288' title='bbox 2033 3249 2222 3301; x_wconf 85' lang='lat' dir='ltr'>testae</span> <span class='ocrx_word' id='word_1_289' title='bbox 2273 3246 2370 3298; x_wconf 88' lang='lat' dir='ltr'>aut</span> 
     </span>
     <span class='ocr_line' id='line_1_35' title="bbox 344 3327 1472 3392; baseline 0.004 -5"><span class='ocrx_word' id='word_1_290' title='bbox 344 3327 598 3388; x_wconf 88' lang='lat' dir='ltr'>duarum</span> <span class='ocrx_word' id='word_1_291' title='bbox 646 3327 735 3389; x_wconf 90' lang='lat' dir='ltr'>vel</span> <span class='ocrx_word' id='word_1_292' title='bbox 783 3331 960 3390; x_wconf 90' lang='lat' dir='ltr'>etiam</span> <span class='ocrx_word' id='word_1_293' title='bbox 1005 3333 1189 3391; x_wconf 90' lang='lat' dir='ltr'>trium</span> <span class='ocrx_word' id='word_1_294' title='bbox 1238 3331 1472 3392; x_wconf 86' lang='lat' dir='ltr'>dentur.</span> 
     </span>
    </p>
   </div>
   <div class='ocr_carea' id='block_1_3' title="bbox 342 3429 2372 3673">
    <p class='ocr_par' dir='ltr' id='par_1_3' title="bbox 342 3429 2372 3673">
     <span class='ocr_line' id='line_1_36' title="bbox 522 3429 2368 3537; baseline -0.002 -19"><span class='ocrx_word' id='word_1_295' title='bbox 522 3470 554 3518; x_wconf 84' lang='lat'>2</span> <span class='ocrx_word' id='word_1_296' title='bbox 592 3463 870 3519; x_wconf 76' lang='lat' dir='ltr'>inarescit.</span> <span class='ocrx_word' id='word_1_297' title='bbox 1048 3471 1081 3519; x_wconf 86' lang='lat'><strong>3</strong></span> <span class='ocrx_word' id='word_1_298' title='bbox 1119 3429 1396 3521; x_wconf 49' lang='lat' dir='ltr'>fistucam.</span> <span class='ocrx_word' id='word_1_299' title='bbox 1562 3473 1593 3522; x_wconf 75' lang='grc'>6</span> <span class='ocrx_word' id='word_1_300' title='bbox 1636 3466 1916 3537; x_wconf 78' lang='lat' dir='ltr'>singultis.</span> <span class='ocrx_word' id='word_1_301' title='bbox 2090 3471 2121 3521; x_wconf 87' lang='lat'>9</span> <span class='ocrx_word' id='word_1_302' title='bbox 2161 3461 2368 3519; x_wconf 76' lang='lat' dir='ltr'>scilliti.</span> 
     </span>
     <span class='ocr_line' id='line_1_37' title="bbox 342 3532 2372 3673; baseline -0.001 -83"><span class='ocrx_word' id='word_1_303' title='bbox 342 3535 740 3673; x_wconf 47' lang='lat' dir='ltr'>{gtgilaaeffinis</span> <span class='ocrx_word' id='word_1_304' title='bbox 895 3541 966 3590; x_wconf 84' lang='lat'>20</span> <span class='ocrx_word' id='word_1_305' title='bbox 1003 3537 1591 3653; x_wconf 74' lang='lat' dir='ltr'>quantolumcumque.</span> <span class='ocrx_word' id='word_1_306' title='bbox 1755 3543 1824 3592; x_wconf 83' lang='lat'>23</span> <span class='ocrx_word' id='word_1_307' title='bbox 1864 3538 2085 3594; x_wconf 80' lang='lat' dir='ltr'>occulte</span> <span class='ocrx_word' id='word_1_308' title='bbox 2119 3538 2245 3593; x_wconf 85' lang='lat' dir='ltr'>loca.</span> <span class='ocrx_word' id='word_1_309' title='bbox 2280 3532 2372 3589; x_wconf 84' lang='lat' dir='ltr'>vel</span> 
     </span>
    </p>
   </div>
   <div class='ocr_carea' id='block_1_4' title="bbox 2528 642 2535 1363">
    <p class='ocr_par' dir='ltr' id='par_1_4' title="bbox 2528 642 2535 1363">
     <span class='ocr_line' id='line_1_38' title="bbox 2528 642 2535 1363; baseline 0 0"><span class='ocrx_word' id='word_1_310' title='bbox 2528 642 2535 1363; x_wconf 95' lang='lat' dir='ltr'> </span> 
     </span>
    </p>
   </div>
  </div>
 </body>
</html>
