2575 4092
338 407 471 508 ciet·
511 402 874 465 observabis,
957 402 1036 463 Hi
1091 411 1231 465 sunt
1287 402 1678 464 characteres·
1719 400 2021 463 scribendi
2076 402 2142 462 in
2188 420 2370 464 aurea

336 492 576 554 lamma.
877 581 1822 642 ιΨΜΘΚΙΑ
2541 513 2544 706 4

880 670 927 730 L
1027 673 1098 729 Ψ
1176 672 1262 729 Μ
1350 670 1403 730 Θ
1495 672 1551 729 Κ
1640 671 1681 728 I
1760 673 1821 728 A

880 757 927 817 L
1027 762 1098 818 Ψ
1174 760 1262 818 Μ
1350 758 1403 818 Θ
1490 760 1550 817 Κ
1638 760 1679 816 1
1759 761 1834 817 A.
2396 772 2419 814 a
2541 719 2544 826 4

232 860 301 909 27
518 846 802 927 Leporini
854 848 1139 908 stercoris
1192 846 1410 925 pilulas
1467 851 1696 923 septem
1742 853 1872 906 tere
1918 851 1978 906 et
2024 863 2164 907 cum
2210 845 2373 907 dulci

337 938 474 998 vino
521 935 710 999 colico
756 954 865 1015 per
909 935 1177 997 triduum
1223 935 1297 996 da
1342 933 1684 996 bibendum.

235 1038 302 1087 28
518 1025 606 1085 Ad
644 1024 760 1087 coli
796 1023 1032 1087 dolores
1070 1026 1384 1085 mentastri
1419 1022 1577 1103 folia,
1614 1030 1901 1102 quantum
1937 1021 2133 1083 tribus
2168 1023 2371 1102 digitis

338 1113 786 1194 adprehendere
833 1114 1101 1193 potueris
1111 1159 1128 1193 ,
1174 1111 1347 1173 tolles
1392 1120 1454 1174 et
1495 1112 1592 1173 his
1638 1110 1859 1172 adicies
1904 1111 2149 1172 feniculi
2196 1115 2370 1173 semi-

337 1206 431 1263 nis
478 1202 753 1264 cocliaria
799 1201 945 1282 duo;
991 1200 1139 1261 haec
1184 1202 1248 1261 in
1294 1219 1481 1262 unum
1529 1218 1705 1280 quam
1748 1201 2148 1262 minutissime
2186 1208 2369 1282 teres,
2395 1220 2440 1259 ιο

336 1290 716 1370 postmodum
755 1289 936 1350 addes
971 1291 1095 1351 vini
1130 1291 1352 1350 veteris
1390 1291 1599 1369 optimi
1627 1289 1871 1369 cyathos
1900 1296 2205 1368 quattuor,
2240 1298 2369 1351 tum

338 1378 679 1440 calefactam
725 1380 1055 1459 potionem,
1103 1385 1392 1458 quantum
1447 1378 1670 1456 digitus
1724 1379 1849 1456 pati
1893 1379 2114 1459 possit,
2166 1381 2368 1440 ieiuno

337 1467 653 1529 bibendam
709 1467 904 1548 dabis3
964 1469 1247 1529 continuo
1305 1474 1513 1528 ventos
1570 1468 1801 1528 emittet
1856 1475 1917 1528 et
1972 1466 2366 1529 deiectionem
2463 1495 2470 1500 ·

338 1556 532 1618 faciet.
624 1556 791 1618 Hanc
846 1574 988 1635 ergo
1043 1558 1346 1636 potionem
1404 1558 1455 1616 si
1510 1557 1644 1635 quis
1696 1554 1898 1617 triduo
1961 1573 2105 1616 usus
2168 1557 2369 1638 fuerit,
2543 1533 2544 1594 ¹

338 1647 605 1725 quamvis
651 1664 859 1725 graves
905 1644 1022 1706 coli
1066 1644 1302 1705 dolores
1349 1644 1573 1706 evadet.
2392 1660 2439 1702 ιε

233 1746 299 1796 29
516 1733 802 1795 Gallinam
846 1752 956 1812 per
1001 1741 1193 1795 totum
1240 1733 1400 1794 diem
1445 1752 1478 1794 a
1525 1732 1657 1794 cibo
1704 1733 2026 1815 abstineto;
2077 1733 2217 1795 dein
2262 1753 2365 1813 po·

338 1830 501 1883 stero
548 1821 646 1883 die
692 1841 828 1884 cum
877 1841 1006 1883 eam
1053 1822 1364 1902 occideriS,
1411 1839 1587 1883 crura
1634 1824 1763 1882 eius
1804 1840 1941 1883 cum
1980 1821 2099 1883 sale
2137 1831 2197 1884 et
2234 1823 2365 1884 oleo

336 1913 595 1972 inassato
652 1918 713 1972 et
766 1913 967 1973 ieiuno
1026 1911 1238 1993 colico,
1297 1913 1401 1990 qui
1452 1929 1517 1971 se
1571 1910 1764 1989 pridie
1810 1910 1944 1971 cibo
1990 1911 2366 1994 abstinuerit,

336 2000 743 2062 manducanda
790 2000 945 2082 dato,
991 2000 1239 2061 mirifice
1285 2000 1639 2079 profueris·

232 2101 300 2150 30
516 2088 840 2168 Corydalus
887 2091 1027 2164 avis,
1072 2088 1134 2149 id
1181 2097 1272 2149 est
1311 2107 1463 2167 quae
1500 2087 1707 2149 alauda
1742 2096 2005 2170 vocatur,
2052 2107 2202 2169 quae
2242 2092 2366 2151 ani·
2394 2107 2445 2147 so

339 2195 467 2237 mos
513 2177 821 2238 hominum
869 2176 1168 2238 dulcidine
1215 2179 1378 2238 vocis
1425 2175 1698 2256 oblectat,
1745 2195 1883 2238 cnm
1920 2196 2026 2239 sua
2063 2177 2265 2256 pluma
2302 2181 2368 2240 in

338 2282 478 2324 vaso
524 2264 692 2326 fictili
738 2274 982 2344 gypsato
1029 2268 1093 2325 in
1139 2265 1316 2327 furno
1362 2268 1557 2344 posito
1604 2267 1685 2325 ita
1722 2265 2095 2346 conburitur,
2142 2276 2209 2328 nt
2247 2271 2369 2329 teri

336 2354 555 2434 possit3
620 2355 910 2414 contritae
974 2361 1172 2414 autem
1237 2356 1627 2416 tenuissimus
1677 2354 1872 2433 pulvis
1926 2357 2240 2435 reponitur
2307 2366 2371 2418 et

340 2459 475 2502 cum
533 2460 686 2521 opus
739 2442 948 2525 fuerit,
1004 2461 1076 2503 ex
1128 2462 1199 2503 eo
1245 2441 1520 2506 cocliaria
1567 2443 1684 2504 duo
1730 2444 1823 2504 vel
1869 2445 1983 2504 tria
2030 2463 2167 2505 cum
2214 2464 2368 2525 aqua

339 2529 525 2591 calida
561 2549 671 2611 per
706 2531 973 2593 triduum
1011 2540 1113 2592 aut
1151 2532 1548 2610 quadriduum
1583 2531 1825 2613 dantur3
1863 2532 2211 2594 incredibile
2250 2534 2366 2596 hoc
2392 2550 2442 2592 25

338 2617 541 2679 colicis
579 2619 928 2702 remedium,
967 2621 1125 2700 quod
1163 2621 1310 2681 adeo
1349 2621 1609 2701 prodest,
1647 2628 1715 2681 ut
1747 2623 1944 2681 omnia
1972 2622 2367 2684 medicamina
2543 2639 2544 2728 χ

335 2709 548 2769 merito
596 2726 880 2789 superare
928 2709 1215 2772 videatur.
2543 2733 2544 2822 χ

231 2808 297 2856 31
517 2796 762 2858 Stercus
810 2816 1104 2877 aprunum
1149 2816 1363 2859 recens
1409 2800 1473 2858 in
1519 2816 1671 2878 aqua
1716 2800 2034 2859 remissum
2080 2799 2367 2860 colatum-

339 2903 454 2964 que
501 2905 637 2947 cum
685 2886 863 2947 mulsi
909 2885 1117 2968 cotylis
1152 2885 1347 2949 tribus
1386 2894 1446 2948 et
1482 2889 1707 2967 piperis
1745 2889 1989 2948 contriti
2024 2890 2225 2966 granis
2265 2886 2369 2948 Lx
2543 2963 2544 2970 ἵ

336 2975 400 3031 in
445 2980 571 3034 tres
617 2977 889 3053 potiones
935 2975 1189 3037 divisum
1236 2994 1347 3055 per
1391 2976 1658 3036 triduum
1705 2976 1907 3056 datur,
1952 2978 2035 3036 ita
2080 2983 2148 3037 nt
2192 2978 2365 3054 prius
2390 2991 2441 3033 ω
2543 3019 2544 3038 ,

337 3079 556 3141 corpus
613 3064 742 3123 eius
798 3063 996 3145 colici,
1053 3067 1152 3126 cui
1196 3067 1362 3143 potio
1409 3064 1599 3125 danda
1644 3071 1755 3145 est,
1800 3083 1983 3145 acopo
2029 3083 2367 3144 perungua-

339 3161 453 3232 tur,
501 3158 569 3211 ut
614 3152 1034 3230 perfrictiones
1081 3171 1287 3215 omnes
1330 3163 1534 3214 coacto
1573 3153 1791 3214 sudore
1831 3152 2165 3235 discedant3
2210 3156 2367 3214 miro

222 3250 298 3299 32
337 3239 602 3301 remedio
651 3241 972 3304 sanabitur.
1044 3242 1331 3303 Sucinum
1381 3242 1597 3303 tundes
1643 3250 1704 3303 et
1741 3261 1812 3302 ex
1852 3244 1981 3303 eius
2017 3241 2206 3303 farina
2242 3243 2365 3303 duo

334 3328 608 3390 cocliaria
664 3348 801 3392 cum
857 3349 1007 3409 aqua
1063 3348 1184 3391 non
1239 3332 1490 3392 nimium
1526 3331 1803 3391 ferventi
1856 3329 2113 3391 bibenda
2174 3331 2364 3392 colico

514 3469 542 3517 1
583 3467 910 3521 caracteres.
1004 3471 1036 3520 6
1075 3467 1305 3521 stercus.
1401 3472 1433 3520 9
1462 3465 1923 3535 adpraehindere.
2026 3470 2091 3520 13
2130 3466 2363 3521 emittit.

337 3536 403 3585 14
438 3533 686 3602 potione.
907 3541 971 3590 15
1011 3538 1215 3591 evadat
1252 3541 1286 3591 1
1297 3553 1351 3590 m
1387 3536 1591 3591 evadet
1624 3541 1744 3593 2m.
1955 3541 2020 3591 17
2060 3553 2187 3591 com
2224 3535 2363 3593 sale.

329 3607 404 3654 20
441 3602 759 3661 coridallus.
907 3605 1142 3661 animus.
1290 3612 1358 3661 29
1397 3606 1599 3662 cotilis.
1744 3607 1866 3680 LX]
1905 3607 2048 3661 LXL
2087 3609 2228 3679 (sic).
