2575 4092
1133 247 1564 312 ...60-

335 412 396 471 in
451 412 655 471 initiis.
729 410 994 490 Namque
1050 409 1298 490 prodest
1351 410 1465 471 hoc
1521 428 1767 491 genere,
1824 410 1982 490 quod
2040 430 2112 472 ex
2159 410 2364 472 eadem

334 502 580 560 materia
627 507 876 581 constat,
924 517 1072 579 quae
1121 499 1344 560 nullam
1390 499 1822 578 aspritudinem
1862 499 2057 581 hahet,
2104 499 2366 579 quando·

335 589 574 668 quidem
613 591 971 668 conponitur
1009 608 1078 650 ex
1120 591 1282 649 croci
1324 587 1377 648 X
1415 587 1478 669 V,
1528 588 1884 650 sarcocollae
1921 587 1974 648 X
2010 588 2089 669 X,
2137 589 2368 668 glaucei

334 680 463 739 suci
513 677 562 738 X
601 676 736 759 XX,
793 678 1162 756 tragacanthi
1208 677 1259 737 X
1298 677 1344 737 V
1391 684 1451 738 et
1496 680 1595 755 opi
1635 676 1684 737 X
1722 677 1784 738 V.
1877 677 2003 738 Hoc
2051 680 2208 738 enim
2254 696 2364 756 ego

333 767 524 827 adicio
581 774 642 828 et
696 769 779 828 ita
823 767 1037 828 melius
1082 765 1421 845 respondet.
1515 765 1630 826 Sed
1679 769 1881 844 opium
1928 774 1988 827 et
2034 768 2096 826 in
2143 767 2256 828 hoc
2304 775 2366 828 et
2394 783 2421 825 5

332 858 395 916 in
434 858 598 917 omni
633 856 874 935 collyrio
914 855 1465 934 medicamentoque
1494 874 1702 915 verum
1732 855 1886 916 adici
1915 862 2168 937 oportet,
2205 855 2365 934 quod

334 963 403 1005 ex
453 944 603 1006 lacte
650 948 780 1025 ipso
827 947 1135 1023 papaveris
1182 944 1435 1005 silvatici
1481 945 1742 1022 capitum
1790 945 1881 1026 fit,
1928 962 2048 1005 non
2095 963 2165 1005 ex
2219 962 2365 1005 suco
2430 947 2437 955 “

333 1032 611 1094 foliorum
659 1035 815 1114 eiuS,
863 1040 930 1093 ut
967 1035 1274 1094 institores
1322 1033 1572 1094 huiusce
1624 1035 1713 1093 rei
1760 1033 2077 1111 conpendii
2115 1041 2176 1094 et
2212 1033 2368 1093 lucri

335 1140 510 1183 causa
567 1123 817 1203 faciunt3
873 1120 1019 1182 illud
1076 1124 1234 1183 enim
1288 1140 1425 1183 cum
1472 1140 1684 1200 magno
1731 1121 1932 1183 labore
1981 1129 2041 1183 et
2086 1124 2367 1201 exiguum

335 1211 667 1292 conficitur,
717 1210 832 1272 hoc
880 1212 1008 1272 sine
1054 1209 1325 1272 molestia
1374 1218 1434 1272 et
1478 1210 1866 1272 abundanter.
1941 1210 2183 1272 Ter-itur
2228 1220 2365 1272 ante
2397 1227 2450 1267 ιο

335 1302 530 1360 omnia
579 1317 849 1381 crocum,
897 1317 1047 1378 aqua
1094 1299 1336 1379 pluviali
1381 1300 1645 1360 infusum
1691 1301 1981 1361 macerari
2027 1299 2220 1381 debet,
2267 1299 2367 1360 de·

333 1388 473 1450 inde
521 1388 812 1449 adiciatur
857 1388 977 1449 illic
1025 1388 1372 1469 sarcocolla,
1420 1388 1745 1470 glaucium,
1793 1391 2013 1471 opium,
2065 1397 2366 1469 tragacan-

333 1477 520 1538 thum.
613 1477 790 1538 Prius
839 1482 998 1538 enim
1053 1481 1250 1539 omnia
1307 1495 1577 1538 seorsum
1624 1480 1912 1538 macerari
1959 1485 2197 1558 oportet
2245 1496 2368 1539 non

334 1567 518 1628 multa
566 1568 695 1628 eius
743 1570 980 1645 generis
1027 1586 1195 1648 aqua,
1242 1568 1302 1628 id
1343 1574 1435 1627 est
1470 1566 1732 1650 pluviali,
1770 1577 1837 1628 ut
1876 1585 2050 1646 quam
2089 1569 2367 1650 primum,

332 1655 391 1716 id
440 1664 533 1717 est
579 1658 629 1716 si
676 1657 807 1717 fieri
853 1658 1077 1736 poterit
1122 1655 1332 1718 eodem
1370 1656 1495 1737 die,
1553 1656 1854 1734 fingantur
1892 1655 2159 1737 collyria;
2215 1655 2368 1716 solet
2398 1672 2452 1713 15

332 1746 492 1806 enim
520 1746 635 1806 hoc
664 1746 766 1806 diu
806 1745 1142 1824 neglectum
1183 1747 1466 1806 mortario
1506 1747 1863 1806 inacescere.
1937 1744 2046 1805 His
2075 1745 2198 1805 fere
2229 1753 2369 1805 utor

331 1836 543 1914 primis
590 1834 802 1895 diebus
845 1834 1124 1917 collyriiS,
1172 1853 1292 1895 non
1330 1837 1457 1895 sine
1497 1835 1715 1894 ceteris
1762 1832 2015 1915 auxiliiS,
2051 1842 2232 1913 prout
2268 1852 2368 1894 res

331 1924 618 2006 postulat,
676 1923 1032 1984 abstinentia
1088 1923 1220 1983 dico
1279 1931 1340 1983 et
1396 1924 1704 2002 sanguinis
1749 1923 2144 2003 detractione,
2202 1922 2367 1983 meli·

333 2031 526 2091 usque
583 2031 652 2073 ea
708 2013 925 2073 ceteris
980 2012 1270 2091 proficere
1330 2012 1593 2072 adfirmo.
1687 2011 1833 2072 Cum
1891 2030 2031 2073 vero
2092 2010 2368 2092 pluribus

335 2102 469 2179 quis
499 2099 710 2161 diebus
739 2108 986 2161 vexatus
1023 2101 1205 2161 fuerit
1242 2101 1529 2179 epiphora
1566 2109 1628 2161 et
1662 2103 2104 2181 perseverantia
2144 2102 2367 2161 umoris
2396 2117 2454 2156 κο

335 2197 511 2268 atque
559 2190 774 2268 pituita
820 2190 950 2268 ipso
998 2188 1193 2250 calore
1241 2189 1552 2250 oculorum
1598 2190 1953 2268 glutinosior
1999 2192 2120 2250 visa
2167 2190 2367 2270 fuerit,

334 2278 493 2356 quod
542 2278 665 2338 sere
713 2288 882 2338 sexto
931 2280 1256 2357 septimove
1306 2279 1401 2339 die
1450 2279 1721 2339 accidere
1769 2278 1947 2359 solet,
1999 2288 2143 2339 tunc
2191 2279 2365 2358 prod-

333 2374 511 2427 erunt
554 2375 615 2427 et
652 2385 718 2427 ea
759 2365 1019 2448 collyria,
1067 2385 1323 2445 quorum
1361 2385 1550 2446 genus
1590 2371 1867 2447 superius
1904 2366 2368 2447 inprobavimuS,

334 2457 641 2534 conposita
688 2474 759 2516 ex
807 2455 986 2516 rebus
1034 2455 1372 2537 metallicis3
1420 2455 1650 2516 facilius
1698 2458 1856 2517 enim
1898 2464 2024 2517 tum
2064 2458 2369 2535 patientur

334 2545 519 2624 oculi,
567 2546 619 2605 si
663 2544 838 2604 modo
886 2544 1212 2605 exulcerati
1257 2563 1375 2605 non
1425 2545 1676 2625 fuerint,
1725 2546 2021 2606 iniuriam.
2099 2544 2366 2616 Quorum
2397 2561 2456 2603 25

334 2636 652 2713 praecipue
699 2633 813 2694 hoc
859 2633 1007 2694 mihi
1052 2632 1271 2715 placet,
1321 2633 1478 2713 quod
1528 2653 1560 2693 a
1607 2634 1804 2694 colore
1851 2634 2080 2713 phaeon
2128 2633 2368 2697 dicitur.

333 2722 565 2801 Accipit
603 2730 800 2783 autem
837 2722 1012 2783 haec:
1050 2722 1221 2782 Aeris
1250 2725 1372 2783 usti
1401 2722 1452 2782 X
1482 2721 1615 2804 XII,
1663 2722 1926 2783 cadmiae
1959 2731 2124 2783 ustae
2164 2722 2216 2783 X
2243 2722 2370 2806 XII,

334 2810 498 2871 stibii
554 2814 709 2873 cocti
756 2810 808 2871 X
845 2810 948 2891 VI,
1005 2813 1236 2872 acaciae
1294 2811 1656 2892 chylismatis
1707 2810 1759 2871 X
1796 2811 1896 2893 Vl,
1952 2814 2116 2872 croci
2153 2811 2205 2873 X
2242 2811 2371 2894 IIII,

333 2899 492 2961 aloes
540 2899 592 2960 X
628 2900 737 2981 111,
793 2902 893 2980 opi
930 2899 981 2960 X
1019 2899 1100 2982 11,
1156 2903 1413 2962 castorei
1458 2902 1754 2962 victoriati
1800 2900 2062 2981 pondus,
2108 2919 2371 2980 murrae,

333 2989 469 3069 lycii
515 2989 672 3050 idem
717 2987 1018 3070 ponderiS,
1063 2991 1318 3068 gummis
1357 2989 1409 3050 X
1445 2988 1645 3050 XVIII.
1719 2988 1884 3069 Aqua
1932 2989 2174 3068 pluviali
2213 3009 2368 3069 quae
2397 3006 2458 3047 oo

334 3085 475 3139 sunt
539 3078 687 3138 dura
751 3086 1128 3138 macerantur
1192 3087 1251 3140 et
1311 3077 1415 3139 diu
1471 3087 1776 3160 teruntur,
1824 3079 2013 3139 donec
2070 3077 2367 3140 levissima

334 3167 494 3247 fiant,
532 3175 735 3245 postea
775 3174 973 3228 cetera
1014 3166 1127 3227 alio
1164 3170 1449 3229 mortario
1489 3166 1720 3245 singula
1756 3170 1896 3228 trita
1935 3168 2372 3250 admiscentur3

334 3274 470 3317 cum
535 3255 863 3316 tollendum
930 3265 1046 3337 est,
1111 3255 1171 3316 id
1237 3264 1332 3317 est
1392 3275 1527 3317 cum
1586 3264 1726 3317 sunt
1781 3257 2053 3334 fingenda
2109 3256 2371 3337 collyria,

334 3363 615 3423 gummen
670 3344 942 3406 adicitur.
1034 3344 1160 3406 Hoc
1219 3344 1457 3425 quidam
1516 3347 1693 3413 etiam
1749 3346 1809 3405 in
1868 3347 2054 3406 initiis
2112 3354 2372 3408 utuntur

476 3487 508 3535 2
546 3483 811 3536 materen..
923 3480 1361 3550 aspretudinem.
1470 3488 1505 3536 4
1543 3446 1921 3536 dracacanthi.
2049 3487 2115 3535 21
2157 3481 2373 3551 pituita.

333 3554 712 3679 ἓὶιαὲθτξιὲῖῂιὲέ.
877 3551 1256 3623 gluttinosior.
1422 3558 1487 3607 27
1529 3551 1787 3622 accipiat.
1935 3557 2004 3607 28
2041 3552 2372 3622 cylismatiS.
