2575 4092
995 220 1472 284 -371—

397 378 633 440 Fimum
680 381 1073 463 ciconiarum,
1122 381 1227 441 sed
1276 382 1349 442 de
1397 382 1536 443 nido
1583 385 1742 465 ipso,
1790 383 1930 443 dum
1977 384 2241 444 ciconiae
2280 394 2349 444 22

215 467 414 548 pullos
451 467 689 550 habent,
727 487 928 529 sumes
956 479 1018 531 et
1046 488 1182 530 cum
1212 473 1464 551 axungia
1493 473 1896 533 vetustissima
1923 473 2243 552 permisce·

215 556 313 618 bis
368 564 431 618 et
484 563 761 618 conteres
816 567 994 636 atque
1050 559 1357 637 emplastri
1411 560 1587 620 modo
1651 560 1904 639 pedibus
1965 561 2245 641 adponeS,

217 646 544 707 efficaciter
589 646 907 725 podagram
954 646 1207 709 sanabis·

153 754 185 797 s
237 792 241 796 ⁴
397 734 485 794 Ad
542 735 859 813 podagram
917 743 979 796 et
1032 735 1104 796 ad
1160 753 1368 798 omnes
1422 737 1642 817 pedum
1693 736 1786 798 vel
1839 754 2122 798 manuum
2189 744 2250 798 et
2287 748 2354 798 23

219 823 472 884 aliorum
539 823 945 885 membrorum
1011 823 1246 886 dolores
1311 843 1381 885 ex
1448 825 1835 906 perfrictione
1899 825 2246 886 relevandos

216 912 372 972 bene
429 911 570 973 facit
622 912 736 973 boc
792 913 1122 973 remedium
1179 915 1293 976 sic:
1348 914 1746 993 Faenograeci
1790 911 1853 974 *S*
1892 914 1944 994 Ι,
1996 913 2104 974 lini
2160 932 2249 974 se-

216 1002 397 1062 minis
426 997 563 1080 31,
599 1000 776 1062 ibisci
812 1010 1091 1062 contusas
1129 1002 1361 1063 radices
1400 1005 1692 1084 quinque3
1733 1003 1879 1063 haec
1918 1009 2053 1063 ante
2092 1002 2250 1064 diem

217 1089 501 1150 infundes
535 1091 599 1149 in
628 1107 814 1170 aquae
843 1087 906 1151 ὃ
937 1089 1109 1172 VIIII,
1138 1090 1353 1152 deinde
1380 1098 1518 1171 post
1546 1092 1701 1152 diem
1731 1091 2030 1170 decoques
2060 1109 2250 1169 usque

128 1198 189 1240 ιο
220 1179 296 1239 ad
343 1180 566 1258 tertiaS‚
613 1186 820 1257 postea
865 1178 1089 1240 celabis
1136 1186 1197 1240 et
1242 1197 1454 1241 sucum
1502 1198 1738 1241 omnem
1788 1178 2032 1258 colliges
2070 1185 2247 1258 atque

220 1267 444 1328 adicies
491 1269 549 1326 ei
594 1267 713 1327 olei
749 1265 813 1328 P.
850 1266 1009 1327 VIIII
1056 1276 1117 1328 et
1152 1270 1285 1329 suci
1322 1268 1554 1350 lamini,
1600 1268 1662 1329 id
1702 1277 1794 1330 est
1831 1268 1903 1329 de
1953 1267 2111 1329 foliis
2157 1267 2248 1327 vel

220 1356 296 1417 de
344 1355 507 1416 bacis
554 1357 781 1416 teneris
825 1354 982 1417 lauri
1026 1359 1296 1436 expressi
1339 1354 1402 1418 ὃ
1441 1357 1493 1438 13
1550 1357 1763 1418 deinde
1814 1359 2029 1418 iterato
2077 1356 2250 1417 deco-

222 1462 373 1525 ques
418 1446 668 1524 pariter,
724 1462 1037 1524 quousque
1093 1447 1286 1506 omnis
1343 1463 1525 1507 sucus
1576 1463 1758 1524 supra
1804 1448 2066 1524 scriptus
2112 1462 2250 1504 con-

225 1540 495 1595 sumatur
542 1542 601 1594 et
647 1532 764 1594 olei
808 1534 1218 1594 tantummodo
1266 1552 1495 1595 summa
1542 1534 1793 1615 residat3
1841 1534 1999 1613 quod
2035 1535 2250 1593 iterato

133 1638 191 1680 15
226 1620 456 1683 colatur
510 1629 573 1682 et
627 1622 928 1683 adduntur
982 1625 1044 1683 in
1097 1641 1167 1683 eo
1215 1623 1365 1703 oleo,
1412 1623 1571 1702 quod
1618 1621 2006 1702 superfuerit,
2051 1621 2252 1681 laricis

220 1742 313 1753 —-
356 1709 531 1790 vnn,
578 1709 1013 1772 terebinthinae
1061 1713 1270 1773 unciae
1320 1710 1454 1792 1111,
1502 1709 1749 1771 balsami
1801 1742 1878 1754 —
1930 1708 2010 1790 11,
2057 1712 2139 1770 ita
2186 1716 2255 1770 ut

223 1802 392 1879 prius
447 1799 594 1859 haec
649 1801 712 1860 in
768 1817 906 1860 vaso
964 1799 1189 1879 duplici
1244 1800 1316 1860 ad
1372 1802 1569 1879 ignem
1627 1799 2023 1860 lentissimum
2071 1798 2253 1858 resol-

224 1894 439 1948 vantur
493 1894 556 1947 et
609 1889 696 1948 sic
743 1889 1217 1967 permisceantur
1262 1896 1324 1949 et
1369 1889 1701 1949 diutissime
1748 1889 2123 1965 coagitentur
2171 1894 2253 1947 at-

226 1994 342 2056 que
399 1979 460 2036 in
516 1994 663 2037 usus
719 1995 901 2057 supra
955 1979 1213 2055 scriptos
1270 1978 1642 2038 necessarios
1690 1976 1761 2036 ad
1808 1975 2254 2054 perfricandum

136 2082 193 2123 zo
227 2073 628 2126 reserventur.

402 2153 490 2213 Ad
528 2155 753 2231 primos
790 2153 1084 2233 podagrae
1122 2155 1384 2232 impetus
1417 2152 1796 2214 molliendos:
1836 2153 2091 2213 Atiariae
2120 2151 2252 2211 ber·
2292 2161 2362 2211 24

226 2241 334 2303 bae
390 2250 590 2320 partes
648 2242 795 2302 duas
856 2242 1187 2303 contundes
1244 2251 1305 2303 et
1361 2241 1562 2321 butyri
1618 2260 1797 2303 unam
1844 2250 2077 2321 partem
2120 2258 2254 2320 per-

225 2329 507 2391 miscebis
562 2339 622 2391 et
677 2339 955 2392 conteres
1012 2337 1189 2410 atque
1242 2332 1329 2391 ita
1385 2350 1495 2411 pro
1548 2339 1852 2410 unguento
1900 2328 1993 2391 vel
2039 2327 2253 2408 empla-

228 2426 355 2480 stro
403 2420 609 2479 uteris,

137 2524 196 2567 25
405 2506 559 2567 Ulmi
606 2515 810 2567 cortex
859 2515 1146 2568 contusus
1195 2507 1528 2567 diutissime
1566 2514 1628 2567 et
1664 2524 1800 2567 cum
1840 2524 1993 2584 aqua
2028 2507 2256 2566 marina
2293 2515 2361 2566 25

225 2614 420 2675 usque
476 2596 622 2656 adeo
679 2595 990 2676 subactus,
1045 2603 1113 2657 ut
1167 2595 1503 2674 malagmati
1555 2594 1770 2659 similis
1817 2596 1922 2676 sit,
1979 2612 2089 2673 pro
2137 2612 2256 2655 em-

224 2683 452 2764 plastro
499 2685 807 2763 adpositus
854 2684 1022 2745 sedat
1065 2683 1361 2763 podagrae
1409 2683 1660 2744 dolores.

408 2772 550 2833 Vivo
623 2771 817 2853 lepori
887 2790 994 2852 pes
1058 2778 1399 2852 amputatus
1481 2781 1542 2833 et
1613 2770 1884 2850 alligatus
1949 2770 2021 2830 ad
2077 2770 2253 2849 poda·
2293 2781 2362 2831 26

226 2879 394 2941 gram
450 2861 541 2922 vel
596 2863 724 2922 eius
780 2861 950 2940 pedis
1003 2861 1302 2942 partibus,
1359 2878 1510 2941 quae
1563 2859 1874 2939 dolebunt,
1931 2858 2255 2937 plurimum

143 2968 201 3009 so
272 2950 491 3011 rodest.

228 2970 267 3031 p
407 3037 589 3099 Vituli
633 3039 850 3099 marini
888 3045 992 3099 aut
1029 3037 1186 3117 quod
1225 3036 1437 3099 melius
1486 3045 1579 3098 est
1614 3036 1875 3115 hyaenae
1913 3033 2066 3114 pelle
2105 3034 2256 3096 facta
2293 3047 2361 3097 27

227 3126 609 3189 calciamenta
665 3128 716 3187 si
763 3128 897 3206 quis
950 3129 1014 3187 in
1069 3126 1363 3187 cotidiano
1411 3144 1526 3187 usu
1571 3125 1875 3206 habuerit,
1932 3124 2256 3184 efficaciter

227 3216 523 3295 podagrae
571 3214 779 3276 morbo
827 3214 1068 3275 carebit.

406 3303 589 3365 Pueri
651 3302 894 3382 inpubis
960 3303 1194 3363 detonsi
1261 3320 1445 3381 super
1497 3302 1683 3382 pedes
1738 3300 1994 3362 dolentis
2059 3300 2256 3381 capilli
2295 3312 2362 3362 28

147 3409 201 3451 35
231 3401 411 3473 atque
457 3393 578 3453 illic
625 3392 987 3472 aliquamdiu
1032 3393 1348 3470 compositi
1393 3397 1780 3469 compescunt
1826 3390 2108 3450 dolorem.

407 3480 726 3542 Probatum
776 3481 1105 3542 remedium
1143 3487 1252 3560 est,
1298 3479 1432 3539 felle
1471 3480 1713 3558 caprino
1751 3496 1872 3539 non
1907 3496 2105 3559 manu,
2150 3476 2254 3536 sed
2292 3488 2360 3538 29

230 3573 411 3651 pinna
459 3569 640 3649 pedes
687 3578 1010 3647 perunctos
1057 3567 1370 3628 confestim
1419 3566 1621 3627 dolore
1668 3566 1935 3627 relevari.

1826 3665 1936 3720 24*
