<?xml version="1.0" encoding="UTF-8"?>
<!DOCTYPE html PUBLIC "-//W3C//DTD XHTML 1.0 Transitional//EN"
    "http://www.w3.org/TR/xhtml1/DTD/xhtml1-transitional.dtd">
<html xmlns="http://www.w3.org/1999/xhtml" xml:lang="en" lang="en">
 <head>
  <title>
</title>
<meta http-equiv="Content-Type" content="text/html;charset=utf-8" />
  <meta name='ocr-system' content='tesseract 3.04.00' />
  <meta name='ocr-capabilities' content='ocr_page ocr_carea ocr_par ocr_line ocrx_word'/>
</head>
<body>
  <div class='ocr_page' id='page_1' title='image "./marcellidemedic00unkngoog_0039.png"; bbox 0 0 2575 4092; ppageno 0'>
   <div class='ocr_carea' id='block_1_1' title="bbox 144 281 2575 3549">
    <p class='ocr_par' dir='ltr' id='par_1_1' title="bbox 230 281 2575 791">
     <span class='ocr_line' id='line_1_1' title="bbox 1038 281 2575 363; baseline 0 -18"><span class='ocrx_word' id='word_1_1' title='bbox 1038 318 1113 328; x_wconf 92' lang='lat'><strong>—</strong></span> <span class='ocrx_word' id='word_1_2' title='bbox 1209 281 1295 346; x_wconf 79' lang='lat'>29</span> <span class='ocrx_word' id='word_1_3' title='bbox 1388 318 1478 328; x_wconf 94' lang='lat'>—</span> <span class='ocrx_word' id='word_1_4' title='bbox 2573 288 2575 363; x_wconf 74' lang='grc' dir='ltr'>ζ</span> 
     </span>
     <span class='ocr_line' id='line_1_2' title="bbox 233 443 2261 527; baseline 0 -20"><span class='ocrx_word' id='word_1_5' title='bbox 233 453 290 507; x_wconf 87' lang='lat' dir='ltr'>et</span> <span class='ocrx_word' id='word_1_6' title='bbox 334 447 564 507; x_wconf 90' lang='lat' dir='ltr'>irinum</span> <span class='ocrx_word' id='word_1_7' title='bbox 608 443 807 505; x_wconf 91' lang='lat' dir='ltr'>oleum</span> <span class='ocrx_word' id='word_1_8' title='bbox 854 452 1022 505; x_wconf 88' lang='lat' dir='ltr'>aceto</span> <span class='ocrx_word' id='word_1_9' title='bbox 1071 444 1415 527; x_wconf 85' lang='lat' dir='ltr'>decoctum,</span> <span class='ocrx_word' id='word_1_10' title='bbox 1469 447 1611 507; x_wconf 88' lang='lat' dir='ltr'>item</span> <span class='ocrx_word' id='word_1_11' title='bbox 1660 464 1831 507; x_wconf 89' lang='lat' dir='ltr'>rosae</span> <span class='ocrx_word' id='word_1_12' title='bbox 1877 446 2075 507; x_wconf 87' lang='lat' dir='ltr'>aridae</span> <span class='ocrx_word' id='word_1_13' title='bbox 2123 447 2261 508; x_wconf 78' lang='lat' dir='ltr'>folia</span> 
     </span>
     <span class='ocr_line' id='line_1_3' title="bbox 232 533 2258 614; baseline 0 -18"><span class='ocrx_word' id='word_1_14' title='bbox 232 542 526 596; x_wconf 87' lang='lat' dir='ltr'>macerata</span> <span class='ocrx_word' id='word_1_15' title='bbox 582 535 752 613; x_wconf 89' lang='lat' dir='ltr'>prius</span> <span class='ocrx_word' id='word_1_16' title='bbox 796 551 996 614; x_wconf 88' lang='lat' dir='ltr'>passo,</span> <span class='ocrx_word' id='word_1_17' title='bbox 1053 533 1265 595; x_wconf 89' lang='lat' dir='ltr'>deinde</span> <span class='ocrx_word' id='word_1_18' title='bbox 1313 542 1482 596; x_wconf 88' lang='lat' dir='ltr'>cocta</span> <span class='ocrx_word' id='word_1_19' title='bbox 1527 543 1705 614; x_wconf 91' lang='lat' dir='ltr'>atque</span> <span class='ocrx_word' id='word_1_20' title='bbox 1750 538 1890 596; x_wconf 88' lang='lat' dir='ltr'>trita</span> <span class='ocrx_word' id='word_1_21' title='bbox 1937 544 1997 598; x_wconf 86' lang='lat' dir='ltr'>et</span> <span class='ocrx_word' id='word_1_22' title='bbox 2043 537 2124 597; x_wconf 89' lang='lat' dir='ltr'>ita</span> <span class='ocrx_word' id='word_1_23' title='bbox 2169 538 2258 597; x_wconf 89' lang='lat' dir='ltr'>in·</span> 
     </span>
     <span class='ocr_line' id='line_1_4' title="bbox 230 621 2261 705; baseline 0 -20"><span class='ocrx_word' id='word_1_24' title='bbox 230 626 421 704; x_wconf 90' lang='lat' dir='ltr'>posita</span> <span class='ocrx_word' id='word_1_25' title='bbox 487 621 666 683; x_wconf 85' lang='lat' dir='ltr'>simili</span> <span class='ocrx_word' id='word_1_26' title='bbox 729 621 905 682; x_wconf 92' lang='lat' dir='ltr'>modo</span> <span class='ocrx_word' id='word_1_27' title='bbox 959 630 1216 701; x_wconf 84' lang='lat' dir='ltr'><strong>prosunt</strong></span> <span class='ocrx_word' id='word_1_28' title='bbox 1266 631 1327 683; x_wconf 89' lang='lat' dir='ltr'>et</span> <span class='ocrx_word' id='word_1_29' title='bbox 1373 623 1595 685; x_wconf 90' lang='lat' dir='ltr'>sertula</span> <span class='ocrx_word' id='word_1_30' title='bbox 1650 642 1930 705; x_wconf 87' lang='lat' dir='ltr'>campana</span> <span class='ocrx_word' id='word_1_31' title='bbox 1986 624 2261 686; x_wconf 76' lang='lat' dir='ltr'>simiIIter</span> 
     </span>
     <span class='ocr_line' id='line_1_5' title="bbox 232 710 2260 791; baseline 0.001 -18"><span class='ocrx_word' id='word_1_32' title='bbox 232 713 386 775; x_wconf 85' lang='lat' dir='ltr'>facta</span> <span class='ocrx_word' id='word_1_33' title='bbox 451 712 698 791; x_wconf 90' lang='lat' dir='ltr'>prodest</span> <span class='ocrx_word' id='word_1_34' title='bbox 761 710 855 771; x_wconf 84' lang='lat' dir='ltr'>vel</span> <span class='ocrx_word' id='word_1_35' title='bbox 918 713 1098 791; x_wconf 77' lang='lat' dir='ltr'>myrti</span> <span class='ocrx_word' id='word_1_36' title='bbox 1153 711 1290 773; x_wconf 81' lang='lat' dir='ltr'>folia</span> <span class='ocrx_word' id='word_1_37' title='bbox 1345 721 1552 773; x_wconf 87' lang='lat' dir='ltr'>tenera</span> <span class='ocrx_word' id='word_1_38' title='bbox 1608 731 1679 774; x_wconf 84' lang='lat' dir='ltr'>ex</span> <span class='ocrx_word' id='word_1_39' title='bbox 1734 715 1872 774; x_wconf 83' lang='lat' dir='ltr'>vino</span> <span class='ocrx_word' id='word_1_40' title='bbox 1927 715 2067 775; x_wconf 90' lang='lat' dir='ltr'>trita</span> <span class='ocrx_word' id='word_1_41' title='bbox 2122 732 2260 775; x_wconf 91' lang='lat' dir='ltr'>cum</span> 
     </span>
    </p>

    <p class='ocr_par' dir='ltr' id='par_1_2' title="bbox 182 799 2366 1237">
     <span class='ocr_line' id='line_1_6' title="bbox 182 799 2259 882; baseline 0 -20"><span class='ocrx_word' id='word_1_42' title='bbox 182 823 207 863; x_wconf 79' lang='lat'><strong>5</strong></span> <span class='ocrx_word' id='word_1_43' title='bbox 231 820 426 881; x_wconf 87' lang='lat' dir='ltr'>myrra</span> <span class='ocrx_word' id='word_1_44' title='bbox 475 809 535 862; x_wconf 87' lang='lat' dir='ltr'>et</span> <span class='ocrx_word' id='word_1_45' title='bbox 582 799 844 880; x_wconf 87' lang='lat' dir='ltr'>puleium</span> <span class='ocrx_word' id='word_1_46' title='bbox 883 818 956 860; x_wconf 86' lang='lat' dir='ltr'>ex</span> <span class='ocrx_word' id='word_1_47' title='bbox 1003 801 1140 860; x_wconf 84' lang='lat' dir='ltr'>vino</span> <span class='ocrx_word' id='word_1_48' title='bbox 1188 802 1394 862; x_wconf 84' lang='lat' dir='ltr'>tritum</span> <span class='ocrx_word' id='word_1_49' title='bbox 1442 810 1503 862; x_wconf 87' lang='lat' dir='ltr'>et</span> <span class='ocrx_word' id='word_1_50' title='bbox 1548 801 1699 863; x_wconf 92' lang='lat' dir='ltr'>mala</span> <span class='ocrx_word' id='word_1_51' title='bbox 1744 801 2006 882; x_wconf 82' lang='lat' dir='ltr'><strong>cydonea</strong></span> <span class='ocrx_word' id='word_1_52' title='bbox 2052 821 2084 864; x_wconf 91' lang='lat' dir='ltr'>e</span> <span class='ocrx_word' id='word_1_53' title='bbox 2122 804 2259 863; x_wconf 88' lang='lat' dir='ltr'>vino</span> 
     </span>
     <span class='ocr_line' id='line_1_7' title="bbox 233 890 2259 971; baseline 0 -19"><span class='ocrx_word' id='word_1_54' title='bbox 233 898 400 952; x_wconf 89' lang='lat' dir='ltr'>cocta</span> <span class='ocrx_word' id='word_1_55' title='bbox 465 898 526 950; x_wconf 89' lang='lat' dir='ltr'>et</span> <span class='ocrx_word' id='word_1_56' title='bbox 588 891 755 951; x_wconf 88' lang='lat' dir='ltr'>trita·</span> <span class='ocrx_word' id='word_1_57' title='bbox 793 897 969 968; x_wconf 86' lang='lat' dir='ltr'>atque</span> <span class='ocrx_word' id='word_1_58' title='bbox 1036 891 1293 968; x_wconf 90' lang='lat' dir='ltr'>inposita</span> <span class='ocrx_word' id='word_1_59' title='bbox 1357 891 1537 969; x_wconf 89' lang='lat' dir='ltr'>capiti</span> <span class='ocrx_word' id='word_1_60' title='bbox 1602 890 1925 971; x_wconf 88' lang='lat' dir='ltr'>plurimum</span> <span class='ocrx_word' id='word_1_61' title='bbox 1988 898 2259 971; x_wconf 82' lang='lat' dir='ltr'><strong>prosunt.</strong></span> 
     </span>
     <span class='ocr_line' id='line_1_8' title="bbox 231 977 2366 1060; baseline -0.002 -20"><span class='ocrx_word' id='word_1_62' title='bbox 231 979 727 1040; x_wconf 80' lang='lat' dir='ltr'>Medicamentum</span> <span class='ocrx_word' id='word_1_63' title='bbox 785 978 944 1057; x_wconf 90' lang='lat' dir='ltr'>quod</span> <span class='ocrx_word' id='word_1_64' title='bbox 998 977 1288 1056; x_wconf 80' lang='lat' dir='ltr'>repellere</span> <span class='ocrx_word' id='word_1_65' title='bbox 1345 980 1535 1057; x_wconf 80' lang='lat' dir='ltr'><strong>possit</strong></span> <span class='ocrx_word' id='word_1_66' title='bbox 1590 998 1687 1059; x_wconf 88' lang='lat' dir='ltr'>ea,</span> <span class='ocrx_word' id='word_1_67' title='bbox 1745 998 1895 1059; x_wconf 92' lang='lat' dir='ltr'>quae</span> <span class='ocrx_word' id='word_1_68' title='bbox 1951 978 2022 1041; x_wconf 88' lang='lat' dir='ltr'>ad</span> <span class='ocrx_word' id='word_1_69' title='bbox 2080 988 2260 1060; x_wconf 88' lang='lat' dir='ltr'>caput</span> <span class='ocrx_word' id='word_1_70' title='bbox 2300 986 2366 1036; x_wconf 79' lang='lat'>16</span> 
     </span>
     <span class='ocr_line' id='line_1_9' title="bbox 232 1066 2256 1148; baseline 0 -19"><span class='ocrx_word' id='word_1_71' title='bbox 232 1067 721 1129; x_wconf 79' lang='lat' dir='ltr'>redundaverint:</span> <span class='ocrx_word' id='word_1_72' title='bbox 785 1066 1055 1127; x_wconf 86' lang='lat' dir='ltr'>Castorei</span> <span class='ocrx_word' id='word_1_73' title='bbox 1099 1068 1397 1128; x_wconf 87' lang='lat' dir='ltr'>victoriati</span> <span class='ocrx_word' id='word_1_74' title='bbox 1443 1069 1679 1129; x_wconf 82' lang='lat' dir='ltr'>tertiam</span> <span class='ocrx_word' id='word_1_75' title='bbox 1726 1075 1983 1148; x_wconf 87' lang='lat' dir='ltr'>partem,</span> <span class='ocrx_word' id='word_1_76' title='bbox 2039 1068 2256 1148; x_wconf 85' lang='lat' dir='ltr'>sphon-</span> 
     </span>
     <span class='ocr_line' id='line_1_10' title="bbox 233 1154 2257 1237; baseline 0 -20"><span class='ocrx_word' id='word_1_77' title='bbox 233 1156 374 1237; x_wconf 84' lang='lat' dir='ltr'>dylii</span> <span class='ocrx_word' id='word_1_78' title='bbox 412 1156 465 1216; x_wconf 99' lang='lat' dir='ltr'>X</span> <span class='ocrx_word' id='word_1_79' title='bbox 501 1156 544 1237; x_wconf 89' lang='lat'>1,</span> <span class='ocrx_word' id='word_1_80' title='bbox 592 1157 762 1217; x_wconf 91' lang='lat' dir='ltr'>nucis</span> <span class='ocrx_word' id='word_1_81' title='bbox 809 1173 1043 1216; x_wconf 84' lang='lat' dir='ltr'>amarae</span> <span class='ocrx_word' id='word_1_82' title='bbox 1088 1154 1141 1215; x_wconf 84' lang='lat' dir='ltr'>X</span> <span class='ocrx_word' id='word_1_83' title='bbox 1177 1155 1249 1237; x_wconf 89' lang='lat' dir='ltr'>X,</span> <span class='ocrx_word' id='word_1_84' title='bbox 1297 1165 1466 1217; x_wconf 88' lang='lat' dir='ltr'>rutae</span> <span class='ocrx_word' id='word_1_85' title='bbox 1514 1156 1652 1218; x_wconf 82' lang='lat' dir='ltr'>folia</span> <span class='ocrx_word' id='word_1_86' title='bbox 1693 1156 1746 1217; x_wconf 85' lang='lat' dir='ltr'>X</span> <span class='ocrx_word' id='word_1_87' title='bbox 1783 1155 1853 1237; x_wconf 81' lang='grc' dir='ltr'>ΙΙ,</span> <span class='ocrx_word' id='word_1_88' title='bbox 1900 1157 1997 1218; x_wconf 88' lang='lat' dir='ltr'>sili</span> <span class='ocrx_word' id='word_1_89' title='bbox 2041 1156 2257 1218; x_wconf 82' lang='lat' dir='ltr'>Massa-</span> 
     </span>
    </p>

    <p class='ocr_par' dir='ltr' id='par_1_3' title="bbox 154 1244 2364 1682">
     <span class='ocr_line' id='line_1_11' title="bbox 154 1244 2258 1326; baseline -0.001 -17"><span class='ocrx_word' id='word_1_90' title='bbox 154 1269 206 1309; x_wconf 82' lang='grc' dir='ltr'>ιο</span> <span class='ocrx_word' id='word_1_91' title='bbox 233 1246 420 1307; x_wconf 90' lang='lat' dir='ltr'>liotici</span> <span class='ocrx_word' id='word_1_92' title='bbox 474 1244 526 1305; x_wconf 88' lang='lat' dir='ltr'>X</span> <span class='ocrx_word' id='word_1_93' title='bbox 571 1244 640 1307; x_wconf 88' lang='grc' dir='ltr'>Π.</span> <span class='ocrx_word' id='word_1_94' title='bbox 733 1244 880 1306; x_wconf 91' lang='lat' dir='ltr'>Cum</span> <span class='ocrx_word' id='word_1_95' title='bbox 942 1252 1110 1306; x_wconf 90' lang='lat' dir='ltr'>aceto</span> <span class='ocrx_word' id='word_1_96' title='bbox 1164 1248 1335 1324; x_wconf 90' lang='lat' dir='ltr'>prius</span> <span class='ocrx_word' id='word_1_97' title='bbox 1390 1244 1535 1307; x_wconf 84' lang='lat' dir='ltr'>haec</span> <span class='ocrx_word' id='word_1_98' title='bbox 1590 1254 1871 1308; x_wconf 88' lang='lat' dir='ltr'>teruntur</span> <span class='ocrx_word' id='word_1_99' title='bbox 1925 1245 2258 1326; x_wconf 84' lang='lat' dir='ltr'>diligenter,</span> 
     </span>
     <span class='ocr_line' id='line_1_12' title="bbox 232 1332 2364 1415; baseline 0 -20"><span class='ocrx_word' id='word_1_100' title='bbox 232 1334 447 1396; x_wconf 90' lang='lat' dir='ltr'>deinde</span> <span class='ocrx_word' id='word_1_101' title='bbox 486 1352 654 1395; x_wconf 90' lang='lat' dir='ltr'>rosae</span> <span class='ocrx_word' id='word_1_102' title='bbox 693 1333 1111 1394; x_wconf 83' lang='lat' dir='ltr'>admiscentur.</span> <span class='ocrx_word' id='word_1_103' title='bbox 1176 1333 1265 1395; x_wconf 86' lang='lat' dir='ltr'>Ad</span> <span class='ocrx_word' id='word_1_104' title='bbox 1305 1334 1567 1395; x_wconf 88' lang='lat' dir='ltr'>diutinos</span> <span class='ocrx_word' id='word_1_105' title='bbox 1605 1336 1817 1415; x_wconf 88' lang='lat' dir='ltr'>capitis</span> <span class='ocrx_word' id='word_1_106' title='bbox 1854 1334 2090 1396; x_wconf 90' lang='lat' dir='ltr'>dolores</span> <span class='ocrx_word' id='word_1_107' title='bbox 2120 1335 2259 1396; x_wconf 88' lang='lat' dir='ltr'>salis</span> <span class='ocrx_word' id='word_1_108' title='bbox 2301 1332 2364 1382; x_wconf 80' lang='grc'>17</span> 
     </span>
     <span class='ocr_line' id='line_1_13' title="bbox 230 1423 2260 1505; baseline 0 -21"><span class='ocrx_word' id='word_1_109' title='bbox 230 1425 452 1501; x_wconf 86' lang='lat' dir='ltr'>integri</span> <span class='ocrx_word' id='word_1_110' title='bbox 488 1440 785 1502; x_wconf 89' lang='lat' dir='ltr'>mensura,</span> <span class='ocrx_word' id='word_1_111' title='bbox 832 1429 1118 1502; x_wconf 89' lang='lat' dir='ltr'>quantum</span> <span class='ocrx_word' id='word_1_112' title='bbox 1156 1441 1369 1484; x_wconf 90' lang='lat' dir='ltr'>manus</span> <span class='ocrx_word' id='word_1_113' title='bbox 1414 1423 1588 1503; x_wconf 86' lang='lat' dir='ltr'>plena</span> <span class='ocrx_word' id='word_1_114' title='bbox 1634 1423 2121 1503; x_wconf 85' lang='lat' dir='ltr'>conprehendere</span> <span class='ocrx_word' id='word_1_115' title='bbox 2159 1442 2260 1505; x_wconf 91' lang='lat' dir='ltr'>po-</span> 
     </span>
     <span class='ocr_line' id='line_1_14' title="bbox 231 1510 2259 1594; baseline 0.001 -22"><span class='ocrx_word' id='word_1_116' title='bbox 231 1515 401 1594; x_wconf 88' lang='lat' dir='ltr'>terit,</span> <span class='ocrx_word' id='word_1_117' title='bbox 457 1513 736 1591; x_wconf 88' lang='lat' dir='ltr'>coquitur</span> <span class='ocrx_word' id='word_1_118' title='bbox 793 1529 864 1572; x_wconf 88' lang='lat' dir='ltr'>ex</span> <span class='ocrx_word' id='word_1_119' title='bbox 921 1510 1050 1571; x_wconf 94' lang='lat' dir='ltr'>oleo</span> <span class='ocrx_word' id='word_1_120' title='bbox 1107 1512 1453 1594; x_wconf 83' lang='lat' dir='ltr'>superfuso,</span> <span class='ocrx_word' id='word_1_121' title='bbox 1507 1515 1590 1573; x_wconf 87' lang='lat' dir='ltr'>ita</span> <span class='ocrx_word' id='word_1_122' title='bbox 1645 1520 1713 1573; x_wconf 98' lang='lat' dir='ltr'>ut</span> <span class='ocrx_word' id='word_1_123' title='bbox 1769 1520 2014 1591; x_wconf 90' lang='lat' dir='ltr'>superet</span> <span class='ocrx_word' id='word_1_124' title='bbox 2060 1512 2259 1594; x_wconf 80' lang='lat' dir='ltr'>salem,</span> 
     </span>
     <span class='ocr_line' id='line_1_15' title="bbox 230 1599 2259 1682; baseline 0 -20"><span class='ocrx_word' id='word_1_125' title='bbox 230 1600 446 1662; x_wconf 90' lang='lat' dir='ltr'>deinde</span> <span class='ocrx_word' id='word_1_126' title='bbox 485 1619 620 1661; x_wconf 90' lang='lat' dir='ltr'>cum</span> <span class='ocrx_word' id='word_1_127' title='bbox 660 1602 900 1660; x_wconf 88' lang='lat' dir='ltr'>omnino</span> <span class='ocrx_word' id='word_1_128' title='bbox 930 1599 1078 1659; x_wconf 90' lang='lat' dir='ltr'>nihil</span> <span class='ocrx_word' id='word_1_129' title='bbox 1105 1601 1429 1661; x_wconf 88' lang='lat' dir='ltr'>incurrerit</span> <span class='ocrx_word' id='word_1_130' title='bbox 1457 1600 1530 1661; x_wconf 92' lang='lat' dir='ltr'>de</span> <span class='ocrx_word' id='word_1_131' title='bbox 1560 1600 1681 1661; x_wconf 91' lang='lat' dir='ltr'>sale</span> <span class='ocrx_word' id='word_1_132' title='bbox 1710 1619 2006 1682; x_wconf 85' lang='lat' dir='ltr'>asperum,</span> <span class='ocrx_word' id='word_1_133' title='bbox 2042 1619 2259 1680; x_wconf 89' lang='lat' dir='ltr'>perun·</span> 
     </span>
    </p>

    <p class='ocr_par' dir='ltr' id='par_1_4' title="bbox 150 1688 2367 2125">
     <span class='ocr_line' id='line_1_16' title="bbox 150 1688 2261 1769; baseline -0.001 -17"><span class='ocrx_word' id='word_1_134' title='bbox 150 1711 204 1752; x_wconf 85' lang='lat'>15</span> <span class='ocrx_word' id='word_1_135' title='bbox 231 1692 437 1769; x_wconf 86' lang='lat' dir='ltr'>guitur</span> <span class='ocrx_word' id='word_1_136' title='bbox 493 1689 699 1749; x_wconf 89' lang='lat' dir='ltr'>dolens</span> <span class='ocrx_word' id='word_1_137' title='bbox 755 1691 966 1767; x_wconf 88' lang='lat' dir='ltr'>capitis</span> <span class='ocrx_word' id='word_1_138' title='bbox 1012 1706 1150 1767; x_wconf 90' lang='lat' dir='ltr'>pars</span> <span class='ocrx_word' id='word_1_139' title='bbox 1196 1688 1310 1750; x_wconf 93' lang='lat' dir='ltr'>hoc</span> <span class='ocrx_word' id='word_1_140' title='bbox 1356 1688 1486 1749; x_wconf 88' lang='lat' dir='ltr'>oleo</span> <span class='ocrx_word' id='word_1_141' title='bbox 1533 1707 1831 1769; x_wconf 88' lang='lat' dir='ltr'>superque</span> <span class='ocrx_word' id='word_1_142' title='bbox 1879 1689 2009 1750; x_wconf 90' lang='lat' dir='ltr'>lana</span> <span class='ocrx_word' id='word_1_143' title='bbox 2056 1689 2261 1750; x_wconf 89' lang='lat' dir='ltr'>sucida</span> 
     </span>
     <span class='ocr_line' id='line_1_17' title="bbox 233 1776 2367 1858; baseline -0.001 -19"><span class='ocrx_word' id='word_1_144' title='bbox 233 1778 443 1839; x_wconf 91' lang='lat' dir='ltr'>eodem</span> <span class='ocrx_word' id='word_1_145' title='bbox 491 1778 621 1839; x_wconf 96' lang='lat' dir='ltr'>oleo</span> <span class='ocrx_word' id='word_1_146' title='bbox 669 1780 851 1838; x_wconf 89' lang='lat' dir='ltr'>tincta</span> <span class='ocrx_word' id='word_1_147' title='bbox 896 1779 1220 1856; x_wconf 88' lang='lat' dir='ltr'>inponitur.</span> <span class='ocrx_word' id='word_1_148' title='bbox 1315 1776 1586 1838; x_wconf 83' lang='lat' dir='ltr'>Sertulae</span> <span class='ocrx_word' id='word_1_149' title='bbox 1643 1795 1958 1858; x_wconf 90' lang='lat' dir='ltr'>campanae</span> <span class='ocrx_word' id='word_1_150' title='bbox 2006 1795 2260 1838; x_wconf 90' lang='lat' dir='ltr'>coronae</span> <span class='ocrx_word' id='word_1_151' title='bbox 2302 1782 2367 1833; x_wconf 87' lang='lat'>18</span> 
     </span>
     <span class='ocr_line' id='line_1_18' title="bbox 233 1866 2260 1948; baseline -0.001 -20"><span class='ocrx_word' id='word_1_152' title='bbox 233 1870 501 1947; x_wconf 89' lang='lat' dir='ltr'>quinque</span> <span class='ocrx_word' id='word_1_153' title='bbox 549 1885 621 1927; x_wconf 82' lang='lat' dir='ltr'>ex</span> <span class='ocrx_word' id='word_1_154' title='bbox 667 1884 842 1946; x_wconf 89' lang='lat' dir='ltr'>passo</span> <span class='ocrx_word' id='word_1_155' title='bbox 880 1874 939 1926; x_wconf 89' lang='lat' dir='ltr'>et</span> <span class='ocrx_word' id='word_1_156' title='bbox 977 1884 1128 1945; x_wconf 93' lang='lat' dir='ltr'>aqua</span> <span class='ocrx_word' id='word_1_157' title='bbox 1166 1866 1378 1945; x_wconf 86' lang='lat' dir='ltr'>frigida</span> <span class='ocrx_word' id='word_1_158' title='bbox 1417 1868 1549 1945; x_wconf 90' lang='lat' dir='ltr'>pari</span> <span class='ocrx_word' id='word_1_159' title='bbox 1584 1884 1863 1927; x_wconf 90' lang='lat' dir='ltr'>mensura</span> <span class='ocrx_word' id='word_1_160' title='bbox 1900 1873 2260 1948; x_wconf 78' lang='lat' dir='ltr'>coquuntur,</span> 
     </span>
     <span class='ocr_line' id='line_1_19' title="bbox 232 1954 2258 2035; baseline -0 -19"><span class='ocrx_word' id='word_1_161' title='bbox 232 1956 424 2017; x_wconf 90' lang='lat' dir='ltr'>donec</span> <span class='ocrx_word' id='word_1_162' title='bbox 462 1955 932 2035; x_wconf 86' lang='lat' dir='ltr'>permadescant‚</span> <span class='ocrx_word' id='word_1_163' title='bbox 967 1963 1097 2016; x_wconf 88' lang='lat' dir='ltr'>tum</span> <span class='ocrx_word' id='word_1_164' title='bbox 1135 1962 1416 2016; x_wconf 88' lang='lat' dir='ltr'>teruntur</span> <span class='ocrx_word' id='word_1_165' title='bbox 1443 1955 1922 2035; x_wconf 85' lang='lat' dir='ltr'>admisceturque</span> <span class='ocrx_word' id='word_1_166' title='bbox 1952 1957 2074 2034; x_wconf 91' lang='lat' dir='ltr'>opii</span> <span class='ocrx_word' id='word_1_167' title='bbox 2102 1954 2258 2035; x_wconf 90' lang='lat' dir='ltr'>quod</span> 
     </span>
     <span class='ocr_line' id='line_1_20' title="bbox 230 2043 2258 2125; baseline -0 -19"><span class='ocrx_word' id='word_1_168' title='bbox 230 2048 379 2106; x_wconf 89' lang='lat' dir='ltr'>satis</span> <span class='ocrx_word' id='word_1_169' title='bbox 427 2048 522 2125; x_wconf 84' lang='lat' dir='ltr'>sit,</span> <span class='ocrx_word' id='word_1_170' title='bbox 570 2044 662 2105; x_wconf 88' lang='lat' dir='ltr'>vel</span> <span class='ocrx_word' id='word_1_171' title='bbox 707 2046 1015 2123; x_wconf 89' lang='lat' dir='ltr'>papaveris</span> <span class='ocrx_word' id='word_1_172' title='bbox 1060 2044 1319 2124; x_wconf 84' lang='lat' dir='ltr'>lacrima,</span> <span class='ocrx_word' id='word_1_173' title='bbox 1368 2062 1517 2123; x_wconf 92' lang='lat' dir='ltr'>quae</span> <span class='ocrx_word' id='word_1_174' title='bbox 1565 2062 1779 2124; x_wconf 90' lang='lat' dir='ltr'>sopora</span> <span class='ocrx_word' id='word_1_175' title='bbox 1825 2063 1859 2105; x_wconf 92' lang='lat' dir='ltr'>a</span> <span class='ocrx_word' id='word_1_176' title='bbox 1905 2043 2258 2124; x_wconf 87' lang='lat' dir='ltr'>quibusdam</span> 
     </span>
    </p>

    <p class='ocr_par' dir='ltr' id='par_1_5' title="bbox 149 2132 2366 2570">
     <span class='ocr_line' id='line_1_21' title="bbox 149 2132 2260 2215; baseline -0.002 -17"><span class='ocrx_word' id='word_1_177' title='bbox 149 2158 205 2198; x_wconf 81' lang='lat' dir='ltr'>so</span> <span class='ocrx_word' id='word_1_178' title='bbox 235 2133 594 2215; x_wconf 85' lang='lat' dir='ltr'>appellatur,</span> <span class='ocrx_word' id='word_1_179' title='bbox 651 2133 723 2193; x_wconf 91' lang='lat' dir='ltr'>ad</span> <span class='ocrx_word' id='word_1_180' title='bbox 778 2134 1076 2194; x_wconf 84' lang='lat' dir='ltr'>victoriati</span> <span class='ocrx_word' id='word_1_181' title='bbox 1129 2132 1363 2212; x_wconf 89' lang='lat' dir='ltr'>pondus</span> <span class='ocrx_word' id='word_1_182' title='bbox 1409 2133 1680 2194; x_wconf 90' lang='lat' dir='ltr'>adicitur.</span> <span class='ocrx_word' id='word_1_183' title='bbox 1754 2132 1842 2194; x_wconf 83' lang='lat' dir='ltr'>Ex</span> <span class='ocrx_word' id='word_1_184' title='bbox 1890 2133 1983 2194; x_wconf 91' lang='lat' dir='ltr'>his</span> <span class='ocrx_word' id='word_1_185' title='bbox 2027 2151 2260 2213; x_wconf 89' lang='lat' dir='ltr'>pannus</span> 
     </span>
     <span class='ocr_line' id='line_1_22' title="bbox 233 2221 2258 2303; baseline -0 -19"><span class='ocrx_word' id='word_1_186' title='bbox 233 2231 525 2303; x_wconf 86' lang='lat' dir='ltr'>quantum</span> <span class='ocrx_word' id='word_1_187' title='bbox 573 2224 715 2283; x_wconf 90' lang='lat' dir='ltr'>satis</span> <span class='ocrx_word' id='word_1_188' title='bbox 763 2230 854 2283; x_wconf 87' lang='lat' dir='ltr'>est</span> <span class='ocrx_word' id='word_1_189' title='bbox 898 2221 1106 2282; x_wconf 87' lang='lat' dir='ltr'>linitur</span> <span class='ocrx_word' id='word_1_190' title='bbox 1153 2228 1212 2282; x_wconf 88' lang='lat' dir='ltr'>et</span> <span class='ocrx_word' id='word_1_191' title='bbox 1256 2223 1560 2302; x_wconf 87' lang='lat' dir='ltr'>utrimque</span> <span class='ocrx_word' id='word_1_192' title='bbox 1608 2230 1876 2302; x_wconf 90' lang='lat' dir='ltr'>tempora</span> <span class='ocrx_word' id='word_1_193' title='bbox 1923 2225 2258 2302; x_wconf 86' lang='lat' dir='ltr'>tinguntur.</span> 
     </span>
     <span class='ocr_line' id='line_1_23' title="bbox 230 2310 2366 2390; baseline 0 -19"><span class='ocrx_word' id='word_1_194' title='bbox 230 2311 325 2372; x_wconf 89' lang='lat' dir='ltr'>Ad</span> <span class='ocrx_word' id='word_1_195' title='bbox 364 2313 577 2390; x_wconf 89' lang='lat' dir='ltr'>capitis</span> <span class='ocrx_word' id='word_1_196' title='bbox 614 2311 876 2372; x_wconf 91' lang='lat' dir='ltr'>dolorem</span> <span class='ocrx_word' id='word_1_197' title='bbox 910 2328 1144 2371; x_wconf 91' lang='lat' dir='ltr'>omnem</span> <span class='ocrx_word' id='word_1_198' title='bbox 1174 2310 1499 2372; x_wconf 88' lang='lat' dir='ltr'>efficaciter</span> <span class='ocrx_word' id='word_1_199' title='bbox 1526 2311 1770 2390; x_wconf 90' lang='lat' dir='ltr'>prodest</span> <span class='ocrx_word' id='word_1_200' title='bbox 1799 2311 2079 2372; x_wconf 88' lang='lat' dir='ltr'>bacarum</span> <span class='ocrx_word' id='word_1_201' title='bbox 2108 2312 2262 2372; x_wconf 90' lang='lat' dir='ltr'>lauri</span> <span class='ocrx_word' id='word_1_202' title='bbox 2303 2316 2366 2365; x_wconf 83' lang='lat'>19</span> 
     </span>
     <span class='ocr_line' id='line_1_24' title="bbox 232 2398 2261 2482; baseline -0.001 -21"><span class='ocrx_word' id='word_1_203' title='bbox 232 2400 287 2461; x_wconf 89' lang='lat' dir='ltr'>X</span> <span class='ocrx_word' id='word_1_204' title='bbox 317 2403 599 2482; x_wconf 75' lang='lat' dir='ltr'>semissiS‚</span> <span class='ocrx_word' id='word_1_205' title='bbox 630 2401 962 2461; x_wconf 85' lang='lat' dir='ltr'>scamoniae</span> <span class='ocrx_word' id='word_1_206' title='bbox 993 2398 1110 2480; x_wconf 85' lang='lat' dir='ltr'>XI,</span> <span class='ocrx_word' id='word_1_207' title='bbox 1140 2401 1301 2459; x_wconf 88' lang='lat' dir='ltr'>croci</span> <span class='ocrx_word' id='word_1_208' title='bbox 1329 2401 1623 2460; x_wconf 90' lang='lat' dir='ltr'>victoriati</span> <span class='ocrx_word' id='word_1_209' title='bbox 1650 2399 1899 2479; x_wconf 81' lang='lat' dir='ltr'>pondus,</span> <span class='ocrx_word' id='word_1_210' title='bbox 1955 2399 2261 2461; x_wconf 90' lang='lat' dir='ltr'>Teruntur</span> 
     </span>
     <span class='ocr_line' id='line_1_25' title="bbox 231 2488 2260 2570; baseline -0.001 -21"><span class='ocrx_word' id='word_1_211' title='bbox 231 2489 383 2550; x_wconf 91' lang='lat' dir='ltr'>haec</span> <span class='ocrx_word' id='word_1_212' title='bbox 430 2492 651 2569; x_wconf 91' lang='lat' dir='ltr'>optime</span> <span class='ocrx_word' id='word_1_213' title='bbox 698 2507 769 2549; x_wconf 88' lang='lat' dir='ltr'>ex</span> <span class='ocrx_word' id='word_1_214' title='bbox 817 2495 984 2549; x_wconf 90' lang='lat' dir='ltr'>aceto</span> <span class='ocrx_word' id='word_1_215' title='bbox 1032 2495 1092 2548; x_wconf 89' lang='lat' dir='ltr'>et</span> <span class='ocrx_word' id='word_1_216' title='bbox 1138 2506 1301 2568; x_wconf 83' lang='lat' dir='ltr'>rosa3</span> <span class='ocrx_word' id='word_1_217' title='bbox 1348 2506 1484 2549; x_wconf 92' lang='lat' dir='ltr'>cum</span> <span class='ocrx_word' id='word_1_218' title='bbox 1530 2506 1680 2568; x_wconf 90' lang='lat' dir='ltr'>opus</span> <span class='ocrx_word' id='word_1_219' title='bbox 1724 2496 1831 2570; x_wconf 89' lang='lat' dir='ltr'>est,</span> <span class='ocrx_word' id='word_1_220' title='bbox 1879 2488 2085 2549; x_wconf 89' lang='lat' dir='ltr'>dolens</span> <span class='ocrx_word' id='word_1_221' title='bbox 2122 2506 2260 2566; x_wconf 90' lang='lat' dir='ltr'>pars</span> 
     </span>
    </p>

    <p class='ocr_par' dir='ltr' id='par_1_6' title="bbox 147 2575 2376 3012">
     <span class='ocr_line' id='line_1_26' title="bbox 147 2575 2260 2658; baseline -0.002 -17"><span class='ocrx_word' id='word_1_222' title='bbox 147 2601 204 2642; x_wconf 79' lang='lat'>25</span> <span class='ocrx_word' id='word_1_223' title='bbox 235 2580 451 2658; x_wconf 90' lang='lat' dir='ltr'>capitis</span> <span class='ocrx_word' id='word_1_224' title='bbox 504 2587 933 2657; x_wconf 87' lang='lat' dir='ltr'>perunguetur.</span> <span class='ocrx_word' id='word_1_225' title='bbox 1021 2575 1147 2636; x_wconf 91' lang='lat' dir='ltr'>Hoc</span> <span class='ocrx_word' id='word_1_226' title='bbox 1193 2576 1690 2638; x_wconf 86' lang='lat' dir='ltr'>medicamentum</span> <span class='ocrx_word' id='word_1_227' title='bbox 1738 2595 2053 2639; x_wconf 87' lang='lat' dir='ltr'>successus</span> <span class='ocrx_word' id='word_1_228' title='bbox 2102 2578 2260 2637; x_wconf 90' lang='lat' dir='ltr'>miri-</span> 
     </span>
     <span class='ocr_line' id='line_1_27' title="bbox 230 2663 2367 2745; baseline -0.004 -18"><span class='ocrx_word' id='word_1_229' title='bbox 230 2669 381 2728; x_wconf 88' lang='lat' dir='ltr'>ficos</span> <span class='ocrx_word' id='word_1_230' title='bbox 434 2666 630 2727; x_wconf 87' lang='lat' dir='ltr'>habet.</span> <span class='ocrx_word' id='word_1_231' title='bbox 718 2666 806 2726; x_wconf 89' lang='lat' dir='ltr'>Ad</span> <span class='ocrx_word' id='word_1_232' title='bbox 862 2664 1098 2725; x_wconf 89' lang='lat' dir='ltr'>dolores</span> <span class='ocrx_word' id='word_1_233' title='bbox 1154 2663 1365 2745; x_wconf 86' lang='lat' dir='ltr'>capitis</span> <span class='ocrx_word' id='word_1_234' title='bbox 1420 2683 1772 2745; x_wconf 85' lang='lat' dir='ltr'>puerorum,</span> <span class='ocrx_word' id='word_1_235' title='bbox 1830 2668 2082 2726; x_wconf 83' lang='lat' dir='ltr'>maxime</span> <span class='ocrx_word' id='word_1_236' title='bbox 2130 2667 2259 2726; x_wconf 91' lang='lat' dir='ltr'>eius</span> <span class='ocrx_word' id='word_1_237' title='bbox 2297 2670 2367 2720; x_wconf 84' lang='lat'>20</span> 
     </span>
     <span class='ocr_line' id='line_1_28' title="bbox 230 2751 2376 2838; baseline -0 -22"><span class='ocrx_word' id='word_1_238' title='bbox 230 2757 451 2838; x_wconf 75' lang='lat' dir='ltr'>parti3‚</span> <span class='ocrx_word' id='word_1_239' title='bbox 501 2773 676 2835; x_wconf 90' lang='lat' dir='ltr'>quam</span> <span class='ocrx_word' id='word_1_240' title='bbox 722 2753 964 2833; x_wconf 85' lang='lat' dir='ltr'>bregma</span> <span class='ocrx_word' id='word_1_241' title='bbox 1012 2753 1223 2816; x_wconf 87' lang='lat' dir='ltr'>Graeci</span> <span class='ocrx_word' id='word_1_242' title='bbox 1269 2753 1589 2835; x_wconf 79' lang='lat' dir='ltr'>appellant,</span> <span class='ocrx_word' id='word_1_243' title='bbox 1646 2754 1752 2823; x_wconf 85' lang='lat' dir='ltr'>lini</span> <span class='ocrx_word' id='word_1_244' title='bbox 1799 2772 2002 2815; x_wconf 89' lang='lat' dir='ltr'>semen</span> <span class='ocrx_word' id='word_1_245' title='bbox 2049 2757 2259 2815; x_wconf 87' lang='lat' dir='ltr'>tritum</span> <span class='ocrx_word' id='word_1_246' title='bbox 2372 2751 2376 2755; x_wconf 69' lang='grc'><em>’</em></span> 
     </span>
     <span class='ocr_line' id='line_1_29' title="bbox 231 2842 2261 2924; baseline -0.002 -18"><span class='ocrx_word' id='word_1_247' title='bbox 231 2864 308 2906; x_wconf 84' lang='lat' dir='ltr'>ex</span> <span class='ocrx_word' id='word_1_248' title='bbox 374 2863 526 2924; x_wconf 92' lang='lat' dir='ltr'>aqua</span> <span class='ocrx_word' id='word_1_249' title='bbox 588 2847 877 2922; x_wconf 89' lang='lat' dir='ltr'>inponere</span> <span class='ocrx_word' id='word_1_250' title='bbox 943 2849 1181 2921; x_wconf 87' lang='lat' dir='ltr'>oportet</span> <span class='ocrx_word' id='word_1_251' title='bbox 1244 2843 1334 2903; x_wconf 87' lang='lat' dir='ltr'>vel</span> <span class='ocrx_word' id='word_1_252' title='bbox 1400 2842 1586 2903; x_wconf 87' lang='lat' dir='ltr'>olivae</span> <span class='ocrx_word' id='word_1_253' title='bbox 1652 2842 1787 2904; x_wconf 82' lang='lat' dir='ltr'>solia</span> <span class='ocrx_word' id='word_1_254' title='bbox 1851 2851 2055 2904; x_wconf 89' lang='lat' dir='ltr'>tenera</span> <span class='ocrx_word' id='word_1_255' title='bbox 2120 2845 2261 2904; x_wconf 90' lang='lat' dir='ltr'>trita</span> 
     </span>
     <span class='ocr_line' id='line_1_30' title="bbox 231 2931 2262 3012; baseline -0.002 -16"><span class='ocrx_word' id='word_1_256' title='bbox 231 2952 374 2996; x_wconf 90' lang='lat' dir='ltr'>cum</span> <span class='ocrx_word' id='word_1_257' title='bbox 422 2935 556 2994; x_wconf 89' lang='lat' dir='ltr'>vino</span> <span class='ocrx_word' id='word_1_258' title='bbox 605 2932 835 2994; x_wconf 89' lang='lat' dir='ltr'>adiecto</span> <span class='ocrx_word' id='word_1_259' title='bbox 883 2931 1058 2992; x_wconf 89' lang='lat' dir='ltr'>viridi</span> <span class='ocrx_word' id='word_1_260' title='bbox 1103 2931 1233 2993; x_wconf 92' lang='lat' dir='ltr'>oleo</span> <span class='ocrx_word' id='word_1_261' title='bbox 1272 2931 1450 2992; x_wconf 85' lang='lat' dir='ltr'>simili</span> <span class='ocrx_word' id='word_1_262' title='bbox 1487 2932 1659 2992; x_wconf 91' lang='lat' dir='ltr'>modo</span> <span class='ocrx_word' id='word_1_263' title='bbox 1698 2950 2123 3012; x_wconf 78' lang='lat' dir='ltr'>superponere,</span> <span class='ocrx_word' id='word_1_264' title='bbox 2170 2931 2262 2991; x_wconf 88' lang='lat' dir='ltr'>vel</span> 
     </span>
    </p>

    <p class='ocr_par' dir='ltr' id='par_1_7' title="bbox 144 3020 2365 3549">
     <span class='ocr_line' id='line_1_31' title="bbox 144 3020 2261 3103; baseline -0.003 -17"><span class='ocrx_word' id='word_1_265' title='bbox 144 3045 201 3086; x_wconf 77' lang='lat' dir='ltr'>so</span> <span class='ocrx_word' id='word_1_266' title='bbox 232 3025 386 3103; x_wconf 86' lang='lat' dir='ltr'>opii,</span> <span class='ocrx_word' id='word_1_267' title='bbox 429 3029 719 3101; x_wconf 91' lang='lat' dir='ltr'>quantum</span> <span class='ocrx_word' id='word_1_268' title='bbox 757 3020 922 3083; x_wconf 82' lang='lat' dir='ltr'>sabae</span> <span class='ocrx_word' id='word_1_269' title='bbox 961 3021 1277 3100; x_wconf 80' lang='lat' dir='ltr'>Aegyptiae</span> <span class='ocrx_word' id='word_1_270' title='bbox 1314 3020 1657 3099; x_wconf 86' lang='lat' dir='ltr'>magnitudo</span> <span class='ocrx_word' id='word_1_271' title='bbox 1697 3028 1804 3100; x_wconf 85' lang='lat' dir='ltr'>est,</span> <span class='ocrx_word' id='word_1_272' title='bbox 1844 3029 1902 3081; x_wconf 90' lang='lat' dir='ltr'>et</span> <span class='ocrx_word' id='word_1_273' title='bbox 1940 3020 2076 3081; x_wconf 89' lang='lat' dir='ltr'>salis</span> <span class='ocrx_word' id='word_1_274' title='bbox 2114 3021 2261 3081; x_wconf 88' lang='lat' dir='ltr'>duas</span> 
     </span>
     <span class='ocr_line' id='line_1_32' title="bbox 228 3110 2264 3192; baseline -0.001 -20"><span class='ocrx_word' id='word_1_275' title='bbox 228 3119 437 3192; x_wconf 89' lang='lat' dir='ltr'>partes</span> <span class='ocrx_word' id='word_1_276' title='bbox 495 3118 556 3172; x_wconf 87' lang='lat' dir='ltr'>et</span> <span class='ocrx_word' id='word_1_277' title='bbox 608 3110 772 3190; x_wconf 90' lang='lat' dir='ltr'>pulei</span> <span class='ocrx_word' id='word_1_278' title='bbox 825 3117 1053 3188; x_wconf 90' lang='lat' dir='ltr'>partem</span> <span class='ocrx_word' id='word_1_279' title='bbox 1109 3127 1287 3170; x_wconf 88' lang='lat' dir='ltr'>unam</span> <span class='ocrx_word' id='word_1_280' title='bbox 1342 3117 1539 3169; x_wconf 91' lang='lat' dir='ltr'>terere</span> <span class='ocrx_word' id='word_1_281' title='bbox 1596 3116 1831 3189; x_wconf 89' lang='lat' dir='ltr'>oportet</span> <span class='ocrx_word' id='word_1_282' title='bbox 1885 3128 2021 3170; x_wconf 91' lang='lat' dir='ltr'>cum</span> <span class='ocrx_word' id='word_1_283' title='bbox 2078 3118 2264 3191; x_wconf 83' lang='lat' dir='ltr'>aceto,</span> 
     </span>
     <span class='ocr_line' id='line_1_33' title="bbox 230 3199 2263 3278; baseline -0.001 -16"><span class='ocrx_word' id='word_1_284' title='bbox 230 3200 453 3262; x_wconf 92' lang='lat' dir='ltr'>deinde</span> <span class='ocrx_word' id='word_1_285' title='bbox 506 3199 742 3261; x_wconf 90' lang='lat' dir='ltr'>adicere</span> <span class='ocrx_word' id='word_1_286' title='bbox 787 3206 1157 3278; x_wconf 86' lang='lat' dir='ltr'>unguentum</span> <span class='ocrx_word' id='word_1_287' title='bbox 1205 3216 1385 3277; x_wconf 89' lang='lat' dir='ltr'>supra</span> <span class='ocrx_word' id='word_1_288' title='bbox 1432 3199 1720 3278; x_wconf 88' lang='lat' dir='ltr'>scriptum</span> <span class='ocrx_word' id='word_1_289' title='bbox 1769 3208 1829 3259; x_wconf 90' lang='lat' dir='ltr'>et</span> <span class='ocrx_word' id='word_1_290' title='bbox 1876 3200 1961 3259; x_wconf 89' lang='lat' dir='ltr'>sic</span> <span class='ocrx_word' id='word_1_291' title='bbox 2007 3201 2263 3278; x_wconf 84' lang='lat' dir='ltr'>perungi</span> 
     </span>
     <span class='ocr_line' id='line_1_34' title="bbox 230 3286 2365 3368; baseline -0.004 -17"><span class='ocrx_word' id='word_1_292' title='bbox 230 3289 536 3351; x_wconf 87' lang='lat' dir='ltr'>dolentem</span> <span class='ocrx_word' id='word_1_293' title='bbox 592 3296 823 3368; x_wconf 89' lang='lat' dir='ltr'>partem</span> <span class='ocrx_word' id='word_1_294' title='bbox 879 3289 1106 3366; x_wconf 79' lang='lat' dir='ltr'>capitis,</span> <span class='ocrx_word' id='word_1_295' title='bbox 1193 3286 1281 3347; x_wconf 86' lang='lat' dir='ltr'>Ad</span> <span class='ocrx_word' id='word_1_296' title='bbox 1339 3286 1644 3348; x_wconf 91' lang='lat' dir='ltr'>ulcuscula</span> <span class='ocrx_word' id='word_1_297' title='bbox 1698 3290 1760 3348; x_wconf 93' lang='lat' dir='ltr'>in</span> <span class='ocrx_word' id='word_1_298' title='bbox 1807 3290 1999 3367; x_wconf 87' lang='lat' dir='ltr'>capite</span> <span class='ocrx_word' id='word_1_299' title='bbox 2049 3286 2262 3348; x_wconf 90' lang='lat' dir='ltr'>similia</span> <span class='ocrx_word' id='word_1_300' title='bbox 2299 3294 2365 3344; x_wconf 83' lang='lat'>21</span> 
     </span>
     <span class='ocr_line' id='line_1_35' title="bbox 229 3374 2263 3458; baseline -0.002 -18"><span class='ocrx_word' id='word_1_301' title='bbox 229 3396 627 3440; x_wconf 89' lang='lat' dir='ltr'>mammarum</span> <span class='ocrx_word' id='word_1_302' title='bbox 675 3376 967 3458; x_wconf 78' lang='lat' dir='ltr'>capitulis,</span> <span class='ocrx_word' id='word_1_303' title='bbox 1015 3395 1086 3436; x_wconf 88' lang='lat' dir='ltr'>ex</span> <span class='ocrx_word' id='word_1_304' title='bbox 1135 3374 1352 3454; x_wconf 88' lang='lat' dir='ltr'>quibus</span> <span class='ocrx_word' id='word_1_305' title='bbox 1400 3377 1593 3436; x_wconf 90' lang='lat' dir='ltr'>sanies</span> <span class='ocrx_word' id='word_1_306' title='bbox 1641 3384 1863 3458; x_wconf 78' lang='lat' dir='ltr'>manat,</span> <span class='ocrx_word' id='word_1_307' title='bbox 1910 3376 2038 3437; x_wconf 89' lang='lat' dir='ltr'>radi</span> <span class='ocrx_word' id='word_1_308' title='bbox 2085 3384 2263 3455; x_wconf 84' lang='lat' dir='ltr'>caput</span> 
     </span>
     <span class='ocr_line' id='line_1_36' title="bbox 231 3462 2263 3549; baseline -0.003 -20"><span class='ocrx_word' id='word_1_309' title='bbox 231 3475 474 3549; x_wconf 90' lang='lat' dir='ltr'>oportet</span> <span class='ocrx_word' id='word_1_310' title='bbox 549 3475 610 3527; x_wconf 92' lang='lat' dir='ltr'>et</span> <span class='ocrx_word' id='word_1_311' title='bbox 673 3485 746 3527; x_wconf 83' lang='lat' dir='ltr'>ex</span> <span class='ocrx_word' id='word_1_312' title='bbox 810 3468 970 3526; x_wconf 91' lang='lat' dir='ltr'>nitro</span> <span class='ocrx_word' id='word_1_313' title='bbox 1033 3463 1239 3546; x_wconf 81' lang='lat' dir='ltr'>lavari3</span> <span class='ocrx_word' id='word_1_314' title='bbox 1313 3463 1577 3525; x_wconf 83' lang='lat' dir='ltr'>furfures</span> <span class='ocrx_word' id='word_1_315' title='bbox 1643 3483 1880 3544; x_wconf 91' lang='lat' dir='ltr'>quoque</span> <span class='ocrx_word' id='word_1_316' title='bbox 1946 3483 2017 3524; x_wconf 82' lang='lat' dir='ltr'>ex</span> <span class='ocrx_word' id='word_1_317' title='bbox 2089 3462 2263 3524; x_wconf 91' lang='lat' dir='ltr'>melle</span> 
     </span>
    </p>
   </div>
   <div class='ocr_carea' id='block_1_2' title="bbox 230 3581 2263 3728">
    <p class='ocr_par' dir='ltr' id='par_1_8' title="bbox 230 3581 2263 3728">
     <span class='ocr_line' id='line_1_37' title="bbox 380 3581 2263 3653; baseline -0.003 -12"><span class='ocrx_word' id='word_1_318' title='bbox 380 3592 409 3641; x_wconf 93' lang='lat'><strong>1</strong></span> <span class='ocrx_word' id='word_1_319' title='bbox 431 3585 675 3641; x_wconf 77' lang='lat' dir='ltr'>acetum.</span> <span class='ocrx_word' id='word_1_320' title='bbox 750 3583 1005 3653; x_wconf 70' lang='lat' dir='ltr'>opuleiO.</span> <span class='ocrx_word' id='word_1_321' title='bbox 1079 3581 1231 3639; x_wconf 77' lang='lat' dir='ltr'>trito.</span> <span class='ocrx_word' id='word_1_322' title='bbox 1308 3582 1362 3653; x_wconf 87' lang='lat' dir='ltr'>e]</span> <span class='ocrx_word' id='word_1_323' title='bbox 1385 3583 1457 3637; x_wconf 73' lang='lat' dir='ltr'>et.</span> <span class='ocrx_word' id='word_1_324' title='bbox 1533 3588 1565 3637; x_wconf 89' lang='grc'>8</span> <span class='ocrx_word' id='word_1_325' title='bbox 1586 3581 1908 3651; x_wconf 85' lang='lat' dir='ltr'>sphondilii.</span> <span class='ocrx_word' id='word_1_326' title='bbox 1977 3586 2043 3634; x_wconf 85' lang='lat'>14</span> <span class='ocrx_word' id='word_1_327' title='bbox 2061 3597 2263 3651; x_wconf 88' lang='lat' dir='ltr'>perun·</span> 
     </span>
     <span class='ocr_line' id='line_1_38' title="bbox 230 3651 2191 3728; baseline -0.003 -17"><span class='ocrx_word' id='word_1_328' title='bbox 230 3657 505 3728; x_wconf 79' lang='lat' dir='ltr'>guibitur.</span> <span class='ocrx_word' id='word_1_329' title='bbox 629 3654 696 3711; x_wconf 80' lang='lat'>1&#39;6</span> <span class='ocrx_word' id='word_1_330' title='bbox 733 3655 1044 3725; x_wconf 78' lang='lat' dir='ltr'>inponetur.</span> <span class='ocrx_word' id='word_1_331' title='bbox 1167 3658 1231 3707; x_wconf 91' lang='lat'>18</span> <span class='ocrx_word' id='word_1_332' title='bbox 1271 3651 1728 3720; x_wconf 79' lang='lat' dir='ltr'>admixtiturque.</span> <span class='ocrx_word' id='word_1_333' title='bbox 1847 3657 1916 3706; x_wconf 80' lang='lat'>20</span> <span class='ocrx_word' id='word_1_334' title='bbox 1956 3651 2191 3722; x_wconf 80' lang='lat' dir='ltr'>puudus,</span> 
     </span>
    </p>
   </div>
  </div>
 </body>
</html>
