2575 4092
228 582 299 631 96

232 1204 302 1251 97

243 2269 312 2318 98

244 2537 310 2585 99

1113 261 1184 270 -
1283 224 1588 288 208-

335 400 642 471 ponuntur
688 388 781 449 vel
803 391 1019 449 'ieiuno
1058 388 1257 467 tepida
1295 406 1404 466 per
1442 385 1710 446 cocleare
1748 385 1982 446 dantur.
2048 383 2216 444 Facit
2254 383 2372 445 hoc

335 480 703 540 medicamen
750 478 821 538 ad
870 495 1076 538 omnes
1123 477 1413 538 stomachi
1457 474 1775 535 molestias,

515 569 603 628 Ad
660 567 924 628 dolorem
983 565 1272 627 stomachi
1321 565 1410 625 vel
1455 572 1754 625 tumorem
1798 563 1890 623 vel
1935 565 2233 623 viscerum
2281 565 2373 622 in-

338 659 679 718 firmitatem
736 656 1067 717 remedium
1124 657 1237 715 sic:
1314 654 1457 714 Suci
1511 671 1582 712 ex
1639 651 1950 713 absenthio
2006 650 2159 734 81,
2216 654 2377 712 aceti

338 749 551 826 optimi
595 744 658 806 8
698 744 740 825 1,
788 745 902 806 olei
948 744 1143 805 mollis
1181 741 1244 803 θ
1284 742 1327 822 1,
1375 761 1548 803 cerae
1583 741 1866 802 Ponticae
1913 741 2125 802 libram
2173 760 2376 822 unam,
2405 757 2432 798 5

338 835 631 896 medullae
670 836 941 896 cervinae
984 867 1060 877 —
1094 831 1216 892 1111.
1287 832 1446 892 Haec
1484 832 1644 892 lento
1683 833 1819 909 igne
1849 831 2148 909 decoques
2179 849 2375 910 usque

341 926 413 985 ad
460 943 803 986 mensuram
851 925 1121 1002 sextarii3
1169 922 1383 982 exinde
1431 921 1679 981 linteum
1727 921 1979 981 densum
2025 922 2265 1000 tingues
2315 929 2379 980 et

339 1024 573 1075 mature
633 1015 695 1073 in
759 1014 915 1073 lecto
971 1010 1304 1071 visceribus
1369 1010 1631 1090 adpones
1692 1009 1979 1070 utendum
2040 1011 2103 1069 in
2162 1010 2377 1070 horam

340 1103 679 1164 secundam.

521 1190 827 1250 Confectio
876 1188 1159 1267 oxymelis
1202 1188 1299 1248 dia
1338 1187 1532 1248 scilliu
1571 1187 1643 1247 ad
1683 1186 1975 1247 stomachi
2010 1205 2220 1247 causas
2259 1190 2376 1248 sic:
2407 1202 2467 1242 10

344 1279 557 1340 Scillae
604 1278 813 1338 libram
861 1279 1233 1338 comminues
1281 1277 1356 1337 de
1403 1276 1592 1337 astula
1637 1275 1831 1354 lignea
1877 1284 2051 1337 acuta
2101 1279 2378 1337 minutis-

344 1370 510 1428 simis
557 1366 826 1447 partibus
873 1374 934 1427 et
979 1366 1379 1445 superfundes
1425 1366 1545 1426 illic
1594 1383 1781 1444 aquae
1832 1365 2052 1426 nitidae
2099 1366 2380 1426 fontanae

343 1455 406 1517 θ
445 1455 527 1516 ΙΙΙ
581 1475 649 1516 ac
707 1456 802 1516 die
857 1463 981 1516 tota
1037 1463 1098 1515 et
1152 1464 1327 1516 nocte
1376 1462 1687 1533 copertum
1733 1473 1861 1534 vaS,
1911 1457 1974 1514 in
2022 1455 2181 1534 quod
2227 1454 2395 1518 haec.

343 1548 608 1626 miseris,
666 1563 799 1606 esse
856 1546 1195 1626 permittes3
1257 1545 1368 1605 alia
1424 1543 1520 1604 die
1577 1544 1636 1603 in
1695 1542 1808 1603 olla
1862 1544 2000 1604 rudi
2054 1562 2190 1604 cum
2247 1545 2379 1623 ipsa

346 1635 511 1696 scilla
549 1633 856 1695 defervere
896 1634 1077 1694 facies
1113 1634 1274 1694 lento
1314 1635 1440 1711 igni
1476 1650 1667 1711 usque
1706 1632 1777 1691 ad
1818 1634 2142 1694 sextarium
2170 1651 2379 1713 aquae,
2409 1646 2468 1687 15

344 1732 474 1785 tum
519 1723 702 1784 linteo
750 1722 938 1783 nitido
982 1724 1279 1802 exprimes
1319 1722 1544 1782 scillam
1583 1723 1792 1802 ipsam,
1839 1728 1906 1782 ut
1943 1724 2239 1782 sextarius
2274 1721 2379 1782 ille

346 1812 592 1892 defluat,
658 1812 878 1872 adicies
941 1811 1082 1871 huic
1145 1813 1402 1872 sextario
1460 1813 1614 1872 aceti
1669 1812 1879 1890 optimi
1934 1813 2259 1873 sextarium
2320 1820 2382 1872 et

346 1900 538 1961 mellis
577 1902 786 1980 optimi
824 1901 1158 1979 despumati
1196 1899 1258 1960 P.
1290 1900 1343 1960 Π
1385 1909 1446 1960 et
1485 1917 1728 1961 rursum
1765 1902 1826 1959 in
1866 1900 2072 1960 eadem
2110 1899 2223 1960 olla
2262 1900 2382 1960 fer·

345 2009 485 2051 vere
514 1986 782 2069 <facies>
812 2007 1004 2068 usque
1034 1990 1106 2050 ad
1137 1992 1487 2069 sextarium3
1525 1997 1653 2049 tum
1690 1988 1984 2049 recondes
2021 1991 2084 2049 in
2120 1989 2381 2067 ampulla

347 2079 534 2140 nitida
579 2089 642 2139 et
687 2080 984 2156 signatum
1031 2078 1278 2159 habebis
1327 2087 1386 2139 et
1432 2096 1567 2139 cum
1616 2079 2047 2157 inparationem
2086 2078 2382 2138 stomachi
2410 2089 2467 2130 20

350 2169 630 2248 senseris,
676 2167 952 2227 cocliaria
998 2167 1226 2245 singula
1276 2167 1447 2245 plena
1495 2166 1789 2245 tepefacta
1825 2168 2065 2228 ieiunus
2103 2169 2384 2247 accipies,

527 2255 613 2315 Ad
654 2254 945 2315 stomachi
981 2254 1246 2315 dolorem
1284 2256 1615 2316 remedium
1662 2255 1976 2335 physicum
2023 2257 2136 2317 sic:
2183 2256 2250 2316 In
2299 2255 2381 2317 la-

349 2344 487 2424 pide
525 2344 750 2422 iaspide
788 2343 1037 2422 exculpe
1076 2343 1395 2405 draconem
1433 2345 1743 2425 radiatum,
1789 2353 1855 2406 ut
1892 2344 2106 2406 habeat
2147 2352 2383 2424 septem

350 2433 566 2513 radios,
614 2443 676 2493 et
719 2433 926 2494 claude
975 2450 1120 2492 auro
1169 2441 1228 2494 et
1277 2441 1447 2494 utere
1494 2436 1557 2494 in
1602 2434 1770 2494 collo,

528 2521 994 2601 Epithematium
1032 2521 1105 2581 ad
1144 2523 1515 2584 stomachum
1553 2523 2024 2584 confirmandum
2052 2524 2164 2583 sic:
2202 2522 2384 2583 Aloes
2413 2534 2469 2575 25

358 2642 432 2654 -—
467 2609 566 2694 Ill,
614 2613 768 2672 turis
808 2610 1057 2671 masculi
1099 2644 1176 2655 -—-
1208 2611 1279 2692 11,
1328 2614 1589 2673 masticis
1628 2611 1792 2672 albae
1831 2613 2213 2692 semunciam,
2261 2619 2385 2672 sto-

351 2701 508 2760 racis
555 2733 639 2742 -
679 2699 748 2779 11,
797 2702 959 2760 croci
1014 2732 1092 2741 -—
1132 2699 1248 2780 IS,
1295 2700 1543 2762 meliloti
1591 2703 1974 2782 semunciam,
2020 2719 2190 2761 cerae
2227 2700 2385 2761 Pon-

350 2790 503 2849 ticae
563 2789 654 2849 vel
701 2791 877 2849 etiam
928 2789 1095 2850 rufae
1148 2822 1224 2831 —-
1267 2788 1402 2870 llll,
1460 2790 1630 2850 nardi
1675 2823 1764 2833 —
1799 2789 1900 2871 VI,
1956 2793 2050 2851 ius
2106 2789 2388 2851 absenthi

351 2877 586 2939 Pontici
626 2911 706 2922 —-—
739 2876 780 2938 Ι.
850 2877 1008 2938 Haec
1055 2880 1252 2939 omnia
1304 2881 1621 2958 separatim
1669 2887 1843 2940 tunsa
1882 2887 1941 2939 et
1978 2878 2237 2939 cribrata
2273 2882 2386 2939 mi-

354 2975 601 3028 scentur
656 2975 716 3027 et
773 2975 1114 3046 coquuntur
1169 2976 1229 3028 et
1282 2968 1653 3029 inducuntur
1707 2970 1771 3028 in
1825 2987 2020 3047 panno
2073 2976 2252 3047 atque
2300 2970 2472 3029 ita³⁰

354 3063 585 3117 mature
633 3057 934 3116 stomacho
982 3056 1379 3137 adponuntur.

252 3157 354 3206 100
534 3145 622 3204 Ad
672 3145 1064 3222 digestionem
1099 3146 1421 3225 parandam
1459 3146 1732 3225 quisquis
1772 3145 2060 3206 sollicitus
2098 3146 2216 3204 erit
2252 3162 2389 3205 aco-

354 3251 488 3295 rum
519 3236 757 3295 ieiunus
786 3234 1238 3296 commanducet
1266 3243 1328 3294 et
1355 3237 1552 3316 iactet,
1576 3236 1836 3295 radicem
1862 3252 2100 3313 quoque
2124 3251 2392 3294 amaram

355 3331 415 3385 et
453 3323 695 3384 inlotam
734 3325 973 3385 ieiunus
1000 3323 1455 3385 commanducet
1483 3342 1717 3384 necnon
1745 3323 1948 3384 anethi
1976 3341 2180 3385 semen
2207 3325 2392 3384 etiam

535 3537 566 3585 3
604 3529 948 3585 infirmitate.
1069 3535 1138 3584 20
1165 3529 1537 3599 inparatione.
1630 3535 1704 3585 26
1729 3529 2019 3585 storachis.
2120 3535 2190 3586 27
2229 3529 2391 3586 meli-

357 3599 494 3656 doti.
641 3608 708 3656 32
746 3601 996 3670 quisque.
1143 3608 1210 3656 33
1249 3603 1697 3670 cummanducet,
1739 3603 1866 3657 item
1903 3606 1989 3657 34.

2571 642 2575 827 l
