2575 4092
972 251 1455 315 —171--

383 411 548 472 Aliud
595 413 1091 473 medicamentum
1137 416 1384 474 strumis
1427 422 1488 474 et
1524 415 1783 494 suspirio
1821 414 2046 495 efficax,
2085 416 2225 477 facit
2264 428 2296 477 5

221 507 402 560 autem
448 509 506 561 et
550 501 620 561 ad
666 500 1004 562 lumborum
1051 500 1350 563 diutinum
1397 501 1663 564 dolorem
1709 511 1769 564 et
1817 503 1889 563 ad
1928 503 2224 584 paralysin

222 595 275 647 et
316 589 382 648 ad
425 589 779 669 hydropicos
826 597 887 651 et
933 590 1005 650 ad
1054 589 1340 671 lienosos,
1388 592 1703 652 conficitur
1751 594 1864 653 sic:
1910 592 2226 673 Bruoniae,

219 677 273 736 id
316 688 399 738 est
444 678 604 739 albae
651 681 806 758 vitis,
849 679 1067 740 radicis
1114 678 1163 738 X
1204 678 1329 761 XII,
1375 681 1480 741 iris
1527 679 1792 760 Illyricae
1843 680 1892 740 X
1928 680 2058 763 XII,
2105 701 2225 743 am·

173 781 196 822 5
221 769 453 839 moniaci
497 776 699 846 guttae
746 767 797 827 X
837 766 963 845 XII,
1008 770 1278 847 asparagi
1326 768 1542 830 radicis
1583 768 1633 830 X
1670 768 1762 851 Vl,
1808 769 2006 831 scillae
2058 769 2225 832 bulbi

217 855 372 915 crudi
414 865 687 918 tenerum
734 875 805 916 ex
852 858 1140 917 interiore
1177 867 1348 935 parte
1388 856 1437 916 X
1476 856 1601 937 ΧΠ,
1646 859 2013 937 tragacanthi
2051 858 2102 919 Χ
2132 858 2223 920 VI.

216 942 309 1003 His
351 944 535 1005 mellis
581 947 870 1007 miscetur
920 945 1077 1025 quod
1127 945 1403 1027 sufficiat,
1457 946 1562 1007 sed
1609 948 1777 1027 prius
1823 949 2093 1009 contusis
2139 948 2225 1009 di·

214 1031 445 1110 ligenter
481 1044 540 1096 et
580 1036 758 1116 tritis,
797 1035 986 1096 donec
1026 1036 1217 1095 ceroti
1255 1033 1511 1095 babeant
1547 1043 2039 1117 temperaturam3
2086 1037 2224 1097 inde

213 1138 336 1181 cum
370 1142 515 1202 opus
552 1131 666 1204 est,
704 1124 878 1184 datur
914 1125 1117 1185 ieiuno
1156 1124 1439 1185 denarius
1476 1143 1632 1185 unus
1671 1142 1808 1185 cum
1852 1118 2038 1204 aquae
2078 1124 2224 1186 mul·

146 1225 190 1265 ιο
214 1227 300 1270 sae
343 1212 563 1291 cyathis
611 1211 822 1273 tribus

370 1300 623 1362 Balsami
668 1319 871 1362 semen
918 1303 1129 1362 tritum
1176 1309 1383 1381 potum
1437 1320 1509 1362 ex
1555 1304 1691 1363 vino
1737 1302 1985 1382 prodest
2030 1305 2222 1384 suspi·
2262 1318 2293 1366 6

211 1388 394 1471 riosis‚
452 1391 724 1471 caducis,
780 1390 1100 1470 freniticis,
1163 1390 1497 1470 pleuriticis
1559 1398 1620 1452 et
1678 1391 1749 1451 ad
1807 1393 2004 1452 omnia
2064 1394 2223 1473 vitia,

211 1495 346 1554 quae
396 1481 457 1540 in
511 1480 759 1540 thorace
819 1478 1181 1560 subsistunt,
1244 1479 1546 1559 pulmonis
1602 1487 1662 1540 et
1718 1482 1963 1560 s‘uspirii
2027 1482 2223 1542 causis

209 1565 477 1629 medetur.
544 1567 841 1647 Thymum
879 1570 1087 1628 tritum
1124 1574 1334 1646 potum
1375 1586 1447 1628 ex
1488 1569 1622 1628 vino
1661 1576 1943 1629 extenuat
1978 1576 2039 1628 et
2074 1567 2223 1629 cale·
2263 1582 2294 1630 ’1

60 1664 61 1667 ’
142 1666 186 1709 15
209 1653 334 1716 facit
359 1675 508 1736 quae
541 1664 685 1718 sunt
711 1659 773 1717 in
804 1656 1107 1718 stomacho
1137 1658 1354 1735 gravia,
1392 1656 1550 1717 unde
1585 1657 1908 1734 suspirium
1940 1658 2224 1736 nascitur,

206 1752 453 1806 ventrem
501 1764 744 1825 quoque
791 1745 1031 1826 relevat,
1080 1747 1431 1823 sanguinem
1469 1754 1750 1805 extenuat
1796 1752 1857 1805 et
1894 1763 2045 1822 quae
2083 1754 2224 1806 sunt

206 1830 479 1909 glutinosa
520 1842 584 1895 et
621 1834 928 1895 haerentia
966 1837 1029 1894 in
1067 1834 1310 1895 thorace
1350 1841 1412 1894 et
1448 1831 1722 1894 faucibus
1752 1832 2028 1894 detrahit.
2090 1832 2219 1894 Ori-
2263 1847 2297 1896 8

205 1937 404 1997 ganum
449 1941 592 1985 cum
630 1941 806 1984 croco
846 1925 1058 1984 tritum
1094 1931 1484 2001 potatumque
1524 1939 1661 1983 cum
1701 1924 1837 1982 vino
1876 1923 2222 2001 suspiriosis

203 2010 447 2086 prodest.
523 2011 828 2092 Hysopum
869 2030 1107 2091 quoque
1146 2011 1379 2072 aridum
1419 2019 1737 2071 contusum
1781 2018 1842 2070 et
1879 2019 2110 2070 cretum
2149 2028 2221 2070 ex
2259 2023 2290 2071 9

139 2113 343 2177 2oaqua
393 2109 495 2162 aut
555 2103 692 2160 vino
749 2109 851 2161 aut
905 2110 1072 2161 aceto
1130 2107 1233 2162 aut
1286 2099 1461 2161 melle
1510 2099 1713 2160 datum
1761 2106 1862 2160 aut
1908 2099 2221 2159 decoctum

168 2198 329 2247 ‘cum
372 2190 571 2269 aliquo
619 2207 798 2268 supra
846 2189 1143 2250 dictorum
1190 2188 1492 2268 liquorum
1542 2189 1887 2266 suspiriosis
1931 2188 2219 2249 medetur.

202 2273 560 2339 Marrubium
615 2278 846 2339 aridum
902 2280 1112 2338 tritum
1162 2296 1301 2339 cum
1346 2277 1541 2338 mellis
1587 2277 1866 2338 cocliario
1913 2285 2220 2355 sumptum
2264 2288 2330 2336 10

204 2364 286 2424 vel
327 2384 508 2429 sucus
558 2369 688 2427 eius
733 2376 913 2446 potus
958 2385 1144 2446 aeque
1184 2367 1531 2445 suspiriosis
1569 2366 1833 2426 remedio
1872 2368 2003 2426 erit.
2073 2365 2220 2426 Cha·
2259 2377 2322 2425 11

202 2455 460 2536 maedrys
520 2463 836 2516 extenuata
900 2458 1160 2534 tritaque
1227 2462 1288 2516 et
1353 2462 1491 2534 pota
1554 2455 1801 2533 prodest
1857 2456 2224 2534 suspiriosiS‚

133 2555 180 2596 25
205 2559 344 2620 quae
395 2552 647 2624 propter
708 2544 1163 2606 crassitudinem
1230 2561 1397 2604 suam
1459 2543 1689 2623 liquore
1755 2543 1979 2623 alique,
2046 2544 2224 2604 etiam

203 2648 366 2715 aqua,
414 2635 728 2694 extenuari
774 2632 952 2694 debet
999 2640 1059 2692 et
1105 2634 1193 2692 sic
1240 2633 1447 2711 accipi.
1509 2630 1725 2692 'Herba
1772 2633 2038 2693 tiniatica
2084 2649 2223 2692 con·
2263 2643 2329 2691 12

202 2727 325 2781 tusa
369 2730 429 2782 et
475 2739 549 2782 ex
598 2721 770 2782 melle
818 2721 1095 2782 cocliario
1136 2729 1372 2800 sumpta
1411 2722 1770 2799 suspiriosos
1808 2730 2006 2802 curat3
2053 2730 2223 2782 rutae

203 2825 428 2890 quoque
490 2818 669 2889 atque
729 2809 949 2870 herbae
1006 2809 1314 2870 blattariae
1371 2827 1551 2870 sucus
1609 2826 1719 2887 per
1773 2826 1837 2869 se
1893 2809 2068 2870 datus
2123 2816 2227 2869 aut

202 2897 422 2960 radices
470 2917 674 2961 earum
722 2901 1014 2976 incoctae,
1037 2916 1189 2978 aqua
1236 2905 1298 2958 et
1343 2899 1511 2976 potui
1556 2897 1725 2957 datae
1773 2896 2046 2957 similiter
2088 2914 2223 2977 pro·

133 2999 178 3040 ³0
205 2996 338 3048 sunt
381 3007 618 3050 necnon
665 2996 724 3049 et
771 2989 1040 3067 capparis
1086 2987 1318 3047 radices
1356 2987 1515 3047 idem
1552 2993 1874 3067 praestant,
1912 2987 1965 3047 si
2010 2987 2111 3068 ita,
2158 2993 2225 3047 ut

203 3092 372 3155 supra
412 3078 704 3156 scriptum
741 3084 852 3157 est,
897 3077 1282 3154 accipiantur.
1358 3074 1575 3136 Resina
1612 3074 2014 3136 terebinthina
2051 3075 2223 3136 devo·
2269 3085 2331 3134 13

200 3172 361 3225 ratur
399 3166 472 3226 ad
510 3165 980 3245 magnitudinem
1018 3163 1184 3224 fabae
1212 3165 1602 3243 Aegyptiacae
1648 3163 1720 3224 ab
1760 3182 1849 3246 ee,
1889 3165 1993 3243 qui
2030 3166 2246 3242 suspi-,

200 3253 285 3312 rio
331 3253 577 3334 laborat,
623 3255 743 3314 vini
789 3252 1000 3333 cyatho
1049 3260 1492 3333 supersumptO,
1539 3271 1688 3332 quae
1736 3271 1833 3313 res
1879 3270 2092 3331 magno
2131 3269 2224 3311 re·

201 3342 392 3402 medio
439 3351 547 3404 est.

376 3553 408 3600 2
444 3547 754 3617 paralysen.
863 3553 899 3601 4
937 3545 1316 3602 hammoniaci
1408 3551 1474 3600 17
1512 3544 1840 3615 gluttinosa.
1936 3549 2003 3597 29
2041 3542 2225 3613 putui.

203 3621 269 3669 31
304 3617 659 3674 terebintina.
