2575 4092
1012 242 1404 308 ...5-

205 403 567 466 ficationibus
618 406 780 466 veris
832 406 1036 487 fieret3
1092 407 1294 486 itaque
1350 405 1729 486 explicandae
1787 407 1876 467 rei
1931 405 2217 468 adversus

204 492 614 556 obscuritatem
660 494 949 557 consului.
1023 493 1212 575 Igitur
1259 493 1515 574 epistula
1560 494 1696 557 talis
1741 504 1851 559 est.

321 636 675 698 Antiocho
724 639 878 718 regi
920 635 1408 718 Hippocrates
1456 637 1641 700 Cous
1688 636 1992 700 salutem
2038 637 2095 699 d.

364 760 510 822 Eam
550 769 610 823 te
647 763 711 822 in
748 760 860 823 hoc
897 761 1188 842 regnandi
1225 779 1475 824 munere
1522 769 1582 823 et
1627 760 1885 824 culmine
1931 770 2217 842 reputans
2257 770 2286 819 1

202 851 486 911 sustinere
542 868 890 932 personam,
944 859 1014 912 ut
1068 869 1174 912 rex
1231 868 1483 930 magnus
1537 853 1717 912 vitam
1763 851 1966 913 multis
2012 851 2218 912 utilem

156 953 177 994 5
199 939 256 998 in
297 937 539 1018 longum
584 939 914 1020 provehere
960 938 1204 1020 debeas,
1251 939 1429 1001 simul
1471 941 1773 1020 ingentem
1811 940 2220 1021 providentiae

200 1034 323 1087 tuae
361 1030 618 1090 metiens
656 1046 878 1109 curam,
916 1046 1032 1109 qua
1071 1030 1626 1109 experientissimus
1664 1048 1867 1091 rerum
1905 1029 2220 1091 mathesim

201 1133 424 1196 quoque
471 1119 668 1199 prime
714 1117 964 1198 adeptus
1011 1135 1103 1199 οε,
1159 1120 1480 1180 convenire
1538 1118 1755 1182 talibus
1802 1118 2017 1199 regalis
2063 1120 2221 1200 peri·

199 1206 303 1266 tiae
348 1207 569 1268 studiis
606 1206 929 1269 arbitratus
972 1225 1107 1268 sum
1143 1207 1529 1270 domesticam
1567 1226 1806 1289 quoque
1844 1208 2053 1270 tuendi
2089 1225 2220 1269 cor·

198 1296 349 1372 poris
386 1304 448 1356 et
483 1296 899 1376 procurandae
937 1296 1294 1358 valetudinis
1332 1299 1667 1379 scientiam3
1705 1315 1888 1377 super
1917 1299 2092 1359 cuius
2119 1295 2220 1358 oh·

135 1397 175 1436 ιο
200 1385 627 1447 servationibus
664 1385 737 1447 ad
774 1394 833 1447 te
872 1384 1256 1447 scribendum
1295 1388 1515 1467 putavi,
1562 1395 1629 1449 ut
1668 1394 1728 1448 et
1768 1386 1985 1466 quihus
2024 1386 2221 1448 causis

201 1473 382 1535 morbi
411 1477 746 1537 existerent
778 1483 840 1536 et
868 1473 1088 1555 quibus
1115 1485 1654 1555 praenoscerentur
1683 1475 1920 1537 indiciis
1949 1483 2009 1537 et
2037 1473 2221 1556 quali·

199 1558 301 1622 bus
335 1566 494 1626 inter
537 1563 779 1625 exordia
817 1565 1259 1644 perimerentur
1297 1563 1566 1626 medellis
1605 1563 1999 1626 ostenderem.
2073 1562 2221 1625 Nam

200 1649 311 1712 fere
339 1660 407 1714 ut
435 1653 592 1715 caeli
617 1652 963 1715 turbulenta
991 1662 1315 1733 tempestas
1352 1670 1676 1733 numquam
1711 1653 1830 1714 nisi
1865 1652 2223 1733 praeceden-

201 1739 348 1802 tibus
377 1743 536 1804 solet
566 1743 752 1822 signis
780 1744 1081 1825 ingruere,
1108 1745 1190 1805 ita
1219 1760 1541 1821 corporum
1570 1742 1920 1802 inminentia
1939 1740 2224 1820 pleraque

136 1840 178 1881 15
200 1828 569 1893 incommoda
607 1838 775 1892 ortus
811 1833 1041 1911 proprii
1078 1831 1511 1911 significatione
1549 1836 1975 1892 monstrantur.
2032 1829 2224 1909 Spon-

203 1917 302 1980 deo
329 1929 534 1983 autem
562 1938 672 2000 pro
701 1922 964 1999 ingenita
993 1920 1314 2002 docilitate,
1342 1937 1459 2000 qua
1488 1926 1752 1980 nostram
1779 1936 2016 1999 quoque
2043 1936 2226 1997 super

200 2004 286 2068 his
314 2010 499 2072 rebus
530 2009 853 2071 sollertiam
880 2008 1117 2090 probaS,
1147 2011 1392 2071 monitis
1420 2009 1571 2070 meis
1595 2008 2028 2070 auscultantem
2048 2025 2225 2088 posse

202 2102 256 2156 te
289 2099 592 2180 reliquum
629 2100 781 2160 vitae
820 2107 1056 2178 tempus
1094 2098 1265 2159 firma
1304 2096 1641 2160 valetudine
1680 2106 1739 2160 et
1784 2098 1958 2177 plena
1998 2097 2223 2159 incolu-

202 2187 395 2248 mitate
432 2187 793 2269 producere.
869 2186 1150 2268 Corporis
1187 2189 1372 2267 igitur
1418 2186 1663 2248 humani
1699 2187 1768 2248 fit
1804 2206 1837 2248 a
1873 2187 2045 2248 nobis
2084 2204 2224 2266 qua·
2264 2193 2298 2242 2

136 2285 182 2326 20
205 2272 510 2354 dripertita
560 2277 795 2359 divisio,
856 2278 1030 2337 cuius
1083 2278 1146 2337 in
1205 2275 1477 2355 partibus
1524 2274 1774 2356 singulis
1821 2276 2226 2338 valetudinum

202 2364 522 2428 moderatio
562 2367 923 2427 continetur.
1001 2365 1155 2426 Sunt
1193 2375 1392 2427 autem
1428 2373 1630 2446 partes
1666 2364 1805 2426 hae:
1857 2384 1993 2426 cum
2033 2366 2227 2444 capite

204 2454 318 2513 oris
354 2455 708 2536 sublimitas,
745 2456 1006 2534 pectoris
1044 2452 1290 2536 latebra,
1327 2456 1556 2516 ventris
1593 2453 2057 2534 receptaculum,
2096 2470 2227 2514 sen-

204 2541 318 2602 tina
372 2547 624 2605 vesicae.
709 2542 773 2604 Si
828 2545 1008 2622 capiti
1061 2546 1246 2622 igitur
1302 2545 1534 2604 eveniat
1589 2542 2059 2624 incommodum,
2125 2550 2229 2602 aut

204 2631 476 2695 tenebrae
506 2632 899 2694 offunduntur
927 2639 1030 2693 aut
1057 2634 1250 2693 cietur
1269 2631 1458 2693 'dolor
1494 2640 1598 2693 aut
1635 2641 1847 2693 onusta
1886 2634 2056 2712 quasi
2083 2648 2228 2710 pon-

136 2728 182 2770 25
209 2716 341 2781 dere
398 2721 718 2803 supercilia
775 2722 1116 2782 sentiuntur
1172 2729 1276 2782 aut
1325 2721 1392 2782 fit
1436 2728 1773 2801 temporum
1819 2720 2029 2800 pulsus
2076 2720 2228 2781 adsi·

205 2806 351 2870 duus
396 2820 501 2873 aut
546 2808 1018 2872 tumescentibus
1065 2827 1236 2870 mane
1283 2809 1473 2871 oculis
1512 2810 1726 2888 caligat
1761 2809 2079 2888 adspectus
2127 2816 2231 2869 aut

207 2912 371 2960 aures
426 2901 694 2961 tinniunt
751 2907 811 2960 et
865 2908 1109 2979 accepto
1168 2899 1423 2978 quodam
1478 2901 1733 2960 interius
1788 2898 2228 2959 tumultuantur

209 3001 362 3051 sono.
445 2987 554 3049 His
611 3006 751 3067 ergo
809 2990 995 3068 signis
1055 2987 1449 3049 existentibus
1505 2995 1685 3067 caput
1740 2996 1832 3049 est
1876 2989 2229 3067 purgatione

210 3078 553 3157 curandum,
608 3077 714 3138 sed
770 3094 952 3157 super
1007 3075 1349 3138 huiusmodi
1413 3085 1610 3138 tamen
1676 3076 1895 3137 leviore
1962 3075 2229 3158 medella,

139 3173 185 3213 80
209 3160 411 3246 hysopi
455 3166 549 3228 vel
591 3169 819 3245 origani
855 3165 1044 3227 Indici
1082 3184 1251 3226 coma
1287 3167 1508 3227 iniecta
1544 3165 1785 3228 defruto
1823 3167 1947 3227 sive
1985 3165 2229 3246 mulsae,

346 3344 374 3392 7
411 3337 644 3408 primae.
792 3343 824 3392 9
864 3335 1206 3392 valetudinis
1245 3341 1344 3392 Im
1379 3335 1709 3394 valitudinis
1747 3343 1866 3396 2m.
1998 3342 2063 3391 15
2101 3353 2229 3407 pro-

210 3405 313 3472 prii
348 3409 683 3479 Stephanum
728 3408 985 3479 propriis.
1163 3413 1228 3463 17
1268 3408 1735 3466 abauseultatem.
1907 3413 1975 3463 18
2010 3407 2227 3463 valetu-

214 3473 333 3533 dine
369 3485 468 3536 1m
512 3479 668 3536 valib.
706 3484 824 3537 2m.
946 3485 1015 3535 20
1042 3479 1435 3535 valitudinum.
1564 3485 1630 3534 21
1663 3497 1788 3536 com
1818 3485 1914 3536 1m
1952 3494 2080 3533 cum
2106 3482 2227 3535 2m.

214 3550 276 3601 22
310 3550 488 3607 latera.
524 3552 710 3607 littera
744 3552 783 3607 b
819 3567 992 3606 erasa.
1122 3556 1192 3606 24
1220 3550 1578 3606 offenduntur
1605 3568 1671 3606 ex
1699 3551 2063 3607 offunduntur
2089 3566 2227 3606 corr.

214 3621 277 3673 26
311 3622 740 3679 tumiseentibus
780 3627 883 3678 zm.
1030 3627 1099 3676 30
1136 3621 1317 3692 ysopi.
1464 3622 1607 3693 sive]
1648 3622 1757 3677 sibi
1900 3620 2099 3677 mulsa.
2159 3643 2163 3648 ’
