<?xml version="1.0" encoding="UTF-8"?>
<!DOCTYPE html PUBLIC "-//W3C//DTD XHTML 1.0 Transitional//EN"
    "http://www.w3.org/TR/xhtml1/DTD/xhtml1-transitional.dtd">
<html xmlns="http://www.w3.org/1999/xhtml" xml:lang="en" lang="en">
 <head>
  <title>
</title>
<meta http-equiv="Content-Type" content="text/html;charset=utf-8" />
  <meta name='ocr-system' content='tesseract 3.04.00' />
  <meta name='ocr-capabilities' content='ocr_page ocr_carea ocr_par ocr_line ocrx_word'/>
</head>
<body>
  <div class='ocr_page' id='page_1' title='image "./marcellidemedic00unkngoog_0345.png"; bbox 0 0 2575 4092; ppageno 0'>
   <div class='ocr_carea' id='block_1_1' title="bbox 998 243 1482 349">
    <p class='ocr_par' dir='ltr' id='par_1_1' title="bbox 998 243 1482 349">
     <span class='ocr_line' id='line_1_1' title="bbox 998 243 1482 349; baseline 0.008 -42"><span class='ocrx_word' id='word_1_1' title='bbox 998 279 1086 290; x_wconf 93' lang='lat'><strong>—</strong></span> <span class='ocrx_word' id='word_1_2' title='bbox 1178 243 1329 349; x_wconf 43' lang='lat'>325·</span> <span class='ocrx_word' id='word_1_3' title='bbox 1406 279 1482 291; x_wconf 91' lang='lat'>-</span> 
     </span>
    </p>
   </div>
   <div class='ocr_carea' id='block_1_2' title="bbox 145 404 2374 3329">
    <p class='ocr_par' dir='ltr' id='par_1_2' title="bbox 230 404 2374 755">
     <span class='ocr_line' id='line_1_2' title="bbox 413 404 2374 488; baseline 0.003 -23"><span class='ocrx_word' id='word_1_4' title='bbox 413 405 502 466; x_wconf 87' lang='lat' dir='ltr'>Ad</span> <span class='ocrx_word' id='word_1_5' title='bbox 561 404 799 466; x_wconf 88' lang='lat' dir='ltr'>cholera</span> <span class='ocrx_word' id='word_1_6' title='bbox 852 405 1196 485; x_wconf 90' lang='lat' dir='ltr'>proicienda</span> <span class='ocrx_word' id='word_1_7' title='bbox 1251 406 1501 488; x_wconf 81' lang='lat' dir='ltr'><strong>herbae,</strong></span> <span class='ocrx_word' id='word_1_8' title='bbox 1558 426 1709 486; x_wconf 91' lang='lat' dir='ltr'>quae</span> <span class='ocrx_word' id='word_1_9' title='bbox 1766 407 1989 470; x_wconf 82' lang='lat' dir='ltr'>Graece</span> <span class='ocrx_word' id='word_1_10' title='bbox 2046 407 2267 470; x_wconf 88' lang='lat' dir='ltr'>dicitur</span> <span class='ocrx_word' id='word_1_11' title='bbox 2304 421 2374 471; x_wconf 83' lang='lat'>54</span> 
     </span>
     <span class='ocr_line' id='line_1_3' title="bbox 231 493 2265 579; baseline 0.001 -23"><span class='ocrx_word' id='word_1_12' title='bbox 231 494 634 574; x_wconf 83' lang='lat' dir='ltr'><strong>chamaepitys</strong></span> <span class='ocrx_word' id='word_1_13' title='bbox 694 493 958 573; x_wconf 90' lang='lat' dir='ltr'>[siricate</span> <span class='ocrx_word' id='word_1_14' title='bbox 1005 496 1226 558; x_wconf 89' lang='lat' dir='ltr'>dicitur</span> <span class='ocrx_word' id='word_1_15' title='bbox 1278 495 1494 579; x_wconf 78' lang='lat' dir='ltr'>syrtuJ,</span> <span class='ocrx_word' id='word_1_16' title='bbox 1540 495 1678 557; x_wconf 82' lang='lat' dir='ltr'>solia</span> <span class='ocrx_word' id='word_1_17' title='bbox 1726 515 1939 558; x_wconf 87' lang='lat' dir='ltr'>novem</span> <span class='ocrx_word' id='word_1_18' title='bbox 1984 499 2154 559; x_wconf 87' lang='lat' dir='ltr'>mitte</span> <span class='ocrx_word' id='word_1_19' title='bbox 2201 501 2265 559; x_wconf 93' lang='lat' dir='ltr'>in</span> 
     </span>
     <span class='ocr_line' id='line_1_4' title="bbox 232 583 2263 669; baseline 0.001 -25"><span class='ocrx_word' id='word_1_20' title='bbox 232 601 452 663; x_wconf 89' lang='lat' dir='ltr'>aquam</span> <span class='ocrx_word' id='word_1_21' title='bbox 506 583 755 645; x_wconf 81' lang='lat' dir='ltr'>calidam</span> <span class='ocrx_word' id='word_1_22' title='bbox 811 590 871 644; x_wconf 91' lang='lat' dir='ltr'>et</span> <span class='ocrx_word' id='word_1_23' title='bbox 927 583 1089 665; x_wconf 91' lang='lat' dir='ltr'>bibe,</span> <span class='ocrx_word' id='word_1_24' title='bbox 1146 587 1341 645; x_wconf 90' lang='lat' dir='ltr'>omnia</span> <span class='ocrx_word' id='word_1_25' title='bbox 1396 584 1636 646; x_wconf 90' lang='lat' dir='ltr'>cholera</span> <span class='ocrx_word' id='word_1_26' title='bbox 1689 604 1801 665; x_wconf 91' lang='lat' dir='ltr'>per</span> <span class='ocrx_word' id='word_1_27' title='bbox 1854 604 1922 647; x_wconf 91' lang='lat' dir='ltr'>os</span> <span class='ocrx_word' id='word_1_28' title='bbox 1977 588 2263 669; x_wconf 82' lang='lat' dir='ltr'>proicies3</span> 
     </span>
     <span class='ocr_line' id='line_1_5' title="bbox 230 671 2265 755; baseline 0.002 -22"><span class='ocrx_word' id='word_1_29' title='bbox 230 672 496 733; x_wconf 88' lang='lat' dir='ltr'>radicem</span> <span class='ocrx_word' id='word_1_30' title='bbox 535 671 755 733; x_wconf 80' lang='lat' dir='ltr'>herbae</span> <span class='ocrx_word' id='word_1_31' title='bbox 793 674 984 751; x_wconf 89' lang='lat' dir='ltr'>ipsius</span> <span class='ocrx_word' id='word_1_32' title='bbox 1020 675 1323 752; x_wconf 84' lang='lat' dir='ltr'>percuties</span> <span class='ocrx_word' id='word_1_33' title='bbox 1363 674 1521 735; x_wconf 83' lang='lat' dir='ltr'>ferro</span> <span class='ocrx_word' id='word_1_34' title='bbox 1560 682 1622 735; x_wconf 90' lang='lat' dir='ltr'>et</span> <span class='ocrx_word' id='word_1_35' title='bbox 1656 692 1776 736; x_wconf 89' lang='lat' dir='ltr'>non</span> <span class='ocrx_word' id='word_1_36' title='bbox 1804 674 2057 755; x_wconf 89' lang='lat' dir='ltr'>amplius</span> <span class='ocrx_word' id='word_1_37' title='bbox 2086 694 2265 755; x_wconf 90' lang='lat' dir='ltr'>quam</span> 
     </span>
    </p>

    <p class='ocr_par' dir='ltr' id='par_1_3' title="bbox 169 755 2264 1023">
     <span class='ocr_line' id='line_1_6' title="bbox 169 755 2264 846; baseline 0.002 -26"><span class='ocrx_word' id='word_1_38' title='bbox 169 778 201 820; x_wconf 82' lang='lat'><strong>5</strong></span> <span class='ocrx_word' id='word_1_39' title='bbox 232 761 385 822; x_wconf 90' lang='lat' dir='ltr'>duas</span> <span class='ocrx_word' id='word_1_40' title='bbox 423 768 620 840; x_wconf 84' lang='lat' dir='ltr'>guttas</span> <span class='ocrx_word' id='word_1_41' title='bbox 658 755 922 840; x_wconf 75' lang='lat' dir='ltr'>excipies</span> <span class='ocrx_word' id='word_1_42' title='bbox 957 763 1019 823; x_wconf 91' lang='lat' dir='ltr'>in</span> <span class='ocrx_word' id='word_1_43' title='bbox 1056 780 1209 841; x_wconf 90' lang='lat' dir='ltr'>aqua</span> <span class='ocrx_word' id='word_1_44' title='bbox 1246 762 1434 824; x_wconf 90' lang='lat' dir='ltr'>calida</span> <span class='ocrx_word' id='word_1_45' title='bbox 1472 770 1533 824; x_wconf 89' lang='lat' dir='ltr'>et</span> <span class='ocrx_word' id='word_1_46' title='bbox 1567 762 1756 846; x_wconf 91' lang='lat' dir='ltr'>bibes,</span> <span class='ocrx_word' id='word_1_47' title='bbox 1794 766 1990 825; x_wconf 90' lang='lat' dir='ltr'>omnia</span> <span class='ocrx_word' id='word_1_48' title='bbox 2027 763 2264 825; x_wconf 89' lang='lat' dir='ltr'>cholera</span> 
     </span>
     <span class='ocr_line' id='line_1_7' title="bbox 232 851 2264 932; baseline 0.001 -21"><span class='ocrx_word' id='word_1_49' title='bbox 232 868 345 930; x_wconf 92' lang='lat' dir='ltr'>per</span> <span class='ocrx_word' id='word_1_50' title='bbox 391 858 658 912; x_wconf 83' lang='lat' dir='ltr'>ventrem</span> <span class='ocrx_word' id='word_1_51' title='bbox 705 851 989 931; x_wconf 87' lang='lat' dir='ltr'>proicies;</span> <span class='ocrx_word' id='word_1_52' title='bbox 1037 851 1141 911; x_wconf 91' lang='lat' dir='ltr'>sed</span> <span class='ocrx_word' id='word_1_53' title='bbox 1189 870 1358 931; x_wconf 86' lang='lat' dir='ltr'>cave,</span> <span class='ocrx_word' id='word_1_54' title='bbox 1406 870 1482 912; x_wconf 91' lang='lat' dir='ltr'>ne</span> <span class='ocrx_word' id='word_1_55' title='bbox 1527 851 1664 932; x_wconf 88' lang='lat' dir='ltr'>plus</span> <span class='ocrx_word' id='word_1_56' title='bbox 1711 854 1840 914; x_wconf 90' lang='lat' dir='ltr'>suci</span> <span class='ocrx_word' id='word_1_57' title='bbox 1886 853 2065 914; x_wconf 90' lang='lat' dir='ltr'>huius</span> <span class='ocrx_word' id='word_1_58' title='bbox 2112 855 2264 914; x_wconf 89' lang='lat' dir='ltr'>acci·</span> 
     </span>
     <span class='ocr_line' id='line_1_8' title="bbox 231 938 2264 1023; baseline 0.001 -24"><span class='ocrx_word' id='word_1_59' title='bbox 231 942 391 1021; x_wconf 88' lang='lat' dir='ltr'>pias,</span> <span class='ocrx_word' id='word_1_60' title='bbox 448 958 522 1000; x_wconf 91' lang='lat' dir='ltr'>ne</span> <span class='ocrx_word' id='word_1_61' title='bbox 568 938 849 1020; x_wconf 88' lang='lat' dir='ltr'>laedaris;</span> <span class='ocrx_word' id='word_1_62' title='bbox 896 957 1031 1000; x_wconf 90' lang='lat' dir='ltr'>nam</span> <span class='ocrx_word' id='word_1_63' title='bbox 1078 947 1138 1001; x_wconf 90' lang='lat' dir='ltr'>et</span> <span class='ocrx_word' id='word_1_64' title='bbox 1182 958 1277 1022; x_wconf 93' lang='lat' dir='ltr'>os,</span> <span class='ocrx_word' id='word_1_65' title='bbox 1326 942 1377 1002; x_wconf 94' lang='lat' dir='ltr'>si</span> <span class='ocrx_word' id='word_1_66' title='bbox 1422 942 1643 1001; x_wconf 90' lang='lat' dir='ltr'>nimius</span> <span class='ocrx_word' id='word_1_67' title='bbox 1692 942 1787 1023; x_wconf 89' lang='lat' dir='ltr'>sit,</span> <span class='ocrx_word' id='word_1_68' title='bbox 1832 941 1984 1002; x_wconf 90' lang='lat' dir='ltr'>male</span> <span class='ocrx_word' id='word_1_69' title='bbox 2031 942 2264 1021; x_wconf 84' lang='lat' dir='ltr'>accipit.</span> 
     </span>
    </p>

    <p class='ocr_par' dir='ltr' id='par_1_4' title="bbox 234 1027 2369 1206">
     <span class='ocr_line' id='line_1_9' title="bbox 415 1027 2369 1110; baseline 0.002 -21"><span class='ocrx_word' id='word_1_70' title='bbox 415 1027 720 1090; x_wconf 81' lang='lat' dir='ltr'>Confectio</span> <span class='ocrx_word' id='word_1_71' title='bbox 758 1027 1102 1090; x_wconf 86' lang='lat' dir='ltr'>absinthiati</span> <span class='ocrx_word' id='word_1_72' title='bbox 1135 1027 1207 1090; x_wconf 90' lang='lat' dir='ltr'>ad</span> <span class='ocrx_word' id='word_1_73' title='bbox 1246 1028 1484 1091; x_wconf 92' lang='lat' dir='ltr'>cholera</span> <span class='ocrx_word' id='word_1_74' title='bbox 1523 1037 1584 1091; x_wconf 88' lang='lat' dir='ltr'>et</span> <span class='ocrx_word' id='word_1_75' title='bbox 1621 1029 1892 1110; x_wconf 84' lang='lat' dir='ltr'>flegmata</span> <span class='ocrx_word' id='word_1_76' title='bbox 1918 1029 2262 1109; x_wconf 89' lang='lat' dir='ltr'>proicienda</span> <span class='ocrx_word' id='word_1_77' title='bbox 2301 1042 2369 1093; x_wconf 76' lang='lat'>56</span> 
     </span>
     <span class='ocr_line' id='line_1_10' title="bbox 234 1112 2264 1206; baseline 0 -27"><span class='ocrx_word' id='word_1_78' title='bbox 234 1125 298 1179; x_wconf 89' lang='lat' dir='ltr'>et</span> <span class='ocrx_word' id='word_1_79' title='bbox 346 1118 418 1179; x_wconf 92' lang='lat' dir='ltr'>ad</span> <span class='ocrx_word' id='word_1_80' title='bbox 453 1125 720 1178; x_wconf 87' lang='lat' dir='ltr'>ventrem</span> <span class='ocrx_word' id='word_1_81' title='bbox 759 1115 1074 1179; x_wconf 88' lang='lat' dir='ltr'>laxandum</span> <span class='ocrx_word' id='word_1_82' title='bbox 1112 1120 1220 1180; x_wconf 91' lang='lat' dir='ltr'>sic:</span> <span class='ocrx_word' id='word_1_83' title='bbox 1270 1118 1711 1200; x_wconf 83' lang='lat' dir='ltr'>Nardostachys</span> <span class='ocrx_word' id='word_1_84' title='bbox 1741 1112 1821 1206; x_wconf 53' lang='grc'>9-</span> <span class='ocrx_word' id='word_1_85' title='bbox 1850 1118 1941 1200; x_wconf 90' lang='lat' dir='ltr'>VI,</span> <span class='ocrx_word' id='word_1_86' title='bbox 1980 1119 2264 1180; x_wconf 90' lang='lat' dir='ltr'>schoeno-</span> 
     </span>
    </p>

    <p class='ocr_par' dir='ltr' id='par_1_5' title="bbox 145 1199 2267 1464">
     <span class='ocr_line' id='line_1_11' title="bbox 145 1199 2267 1294; baseline 0.002 -30"><span class='ocrx_word' id='word_1_87' title='bbox 145 1225 206 1265; x_wconf 89' lang='lat' dir='ltr'>1o</span> <span class='ocrx_word' id='word_1_88' title='bbox 236 1207 455 1268; x_wconf 88' lang='lat' dir='ltr'>anthus</span> <span class='ocrx_word' id='word_1_89' title='bbox 512 1199 592 1293; x_wconf 54' lang='lat'>9·</span> <span class='ocrx_word' id='word_1_90' title='bbox 628 1205 710 1286; x_wconf 88' lang='lat'>11,</span> <span class='ocrx_word' id='word_1_91' title='bbox 767 1208 920 1266; x_wconf 90' lang='lat' dir='ltr'>costi</span> <span class='ocrx_word' id='word_1_92' title='bbox 967 1199 1047 1293; x_wconf 57' lang='grc' dir='ltr'>,9ο</span> <span class='ocrx_word' id='word_1_93' title='bbox 1085 1204 1238 1288; x_wconf 85' lang='lat' dir='ltr'>VIII,</span> <span class='ocrx_word' id='word_1_94' title='bbox 1294 1209 1558 1269; x_wconf 88' lang='lat' dir='ltr'>masticis</span> <span class='ocrx_word' id='word_1_95' title='bbox 1613 1215 1965 1288; x_wconf 85' lang='lat' dir='ltr'>personatae</span> <span class='ocrx_word' id='word_1_96' title='bbox 2023 1200 2103 1294; x_wconf 53' lang='grc'>9-</span> <span class='ocrx_word' id='word_1_97' title='bbox 2142 1207 2267 1290; x_wconf 91' lang='lat' dir='ltr'>IIII,</span> 
     </span>
     <span class='ocr_line' id='line_1_12' title="bbox 234 1287 2265 1383; baseline 0 -26"><span class='ocrx_word' id='word_1_98' title='bbox 234 1295 498 1357; x_wconf 89' lang='lat' dir='ltr'>absinthi</span> <span class='ocrx_word' id='word_1_99' title='bbox 542 1294 762 1356; x_wconf 84' lang='lat' dir='ltr'>herbae</span> <span class='ocrx_word' id='word_1_100' title='bbox 813 1287 893 1381; x_wconf 58' lang='grc' dir='ltr'>,9ο</span> <span class='ocrx_word' id='word_1_101' title='bbox 930 1294 974 1378; x_wconf 88' lang='lat'>1,</span> <span class='ocrx_word' id='word_1_102' title='bbox 1020 1297 1184 1356; x_wconf 91' lang='lat' dir='ltr'>croci</span> <span class='ocrx_word' id='word_1_103' title='bbox 1230 1288 1311 1382; x_wconf 67' lang='grc'>,9-</span> <span class='ocrx_word' id='word_1_104' title='bbox 1348 1296 1420 1377; x_wconf 90' lang='lat' dir='ltr'>II,</span> <span class='ocrx_word' id='word_1_105' title='bbox 1466 1296 1593 1357; x_wconf 82' lang='lat' dir='ltr'>folii</span> <span class='ocrx_word' id='word_1_106' title='bbox 1631 1289 1711 1383; x_wconf 58' lang='grc' dir='ltr'>,9ο</span> <span class='ocrx_word' id='word_1_107' title='bbox 1748 1296 1841 1377; x_wconf 93' lang='lat' dir='ltr'>VI,</span> <span class='ocrx_word' id='word_1_108' title='bbox 1886 1298 2010 1358; x_wconf 87' lang='lat' dir='ltr'>vini</span> <span class='ocrx_word' id='word_1_109' title='bbox 2045 1299 2265 1358; x_wconf 83' lang='lat' dir='ltr'>veteris</span> 
     </span>
     <span class='ocr_line' id='line_1_13' title="bbox 232 1380 2104 1464; baseline 0.001 -19"><span class='ocrx_word' id='word_1_110' title='bbox 232 1384 472 1446; x_wconf 78' lang='lat' dir='ltr'>italicos</span> <span class='ocrx_word' id='word_1_111' title='bbox 519 1380 583 1444; x_wconf 49' lang='lat' dir='ltr'>*S*</span> <span class='ocrx_word' id='word_1_112' title='bbox 631 1385 915 1463; x_wconf 88' lang='lat' dir='ltr'>quinque,</span> <span class='ocrx_word' id='word_1_113' title='bbox 959 1383 1154 1444; x_wconf 91' lang='lat' dir='ltr'>mellis</span> <span class='ocrx_word' id='word_1_114' title='bbox 1202 1386 1409 1464; x_wconf 86' lang='lat' dir='ltr'>optimi</span> <span class='ocrx_word' id='word_1_115' title='bbox 1455 1382 1519 1446; x_wconf 49' lang='lat' dir='ltr'>*S*</span> <span class='ocrx_word' id='word_1_116' title='bbox 1565 1403 1753 1446; x_wconf 90' lang='lat' dir='ltr'>unum</span> <span class='ocrx_word' id='word_1_117' title='bbox 1800 1395 1860 1447; x_wconf 90' lang='lat' dir='ltr'>et</span> <span class='ocrx_word' id='word_1_118' title='bbox 1907 1388 2104 1447; x_wconf 90' lang='lat' dir='ltr'>semis.</span> 
     </span>
    </p>

    <p class='ocr_par' dir='ltr' id='par_1_6' title="bbox 235 1472 2370 1649">
     <span class='ocr_line' id='line_1_14' title="bbox 416 1472 2370 1537; baseline 0.002 -4"><span class='ocrx_word' id='word_1_119' title='bbox 416 1473 564 1533; x_wconf 89' lang='lat' dir='ltr'>ltem</span> <span class='ocrx_word' id='word_1_120' title='bbox 612 1472 722 1533; x_wconf 89' lang='lat' dir='ltr'>alia</span> <span class='ocrx_word' id='word_1_121' title='bbox 768 1473 1062 1534; x_wconf 85' lang='lat' dir='ltr'>confectio</span> <span class='ocrx_word' id='word_1_122' title='bbox 1111 1472 1456 1535; x_wconf 85' lang='lat' dir='ltr'>absinthiati</span> <span class='ocrx_word' id='word_1_123' title='bbox 1492 1473 1828 1535; x_wconf 82' lang='lat' dir='ltr'>cathartici:</span> <span class='ocrx_word' id='word_1_124' title='bbox 1872 1472 2009 1535; x_wconf 89' lang='lat' dir='ltr'>Vini</span> <span class='ocrx_word' id='word_1_125' title='bbox 2046 1476 2263 1535; x_wconf 88' lang='lat' dir='ltr'>veteris</span> <span class='ocrx_word' id='word_1_126' title='bbox 2302 1487 2370 1537; x_wconf 80' lang='grc'>56</span> 
     </span>
     <span class='ocr_line' id='line_1_15' title="bbox 235 1554 2267 1649; baseline -0.001 -23"><span class='ocrx_word' id='word_1_127' title='bbox 235 1560 302 1626; x_wconf 67' lang='grc' dir='ltr'>ὃ·</span> <span class='ocrx_word' id='word_1_128' title='bbox 341 1561 475 1643; x_wconf 86' lang='lat'>1111,</span> <span class='ocrx_word' id='word_1_129' title='bbox 521 1579 692 1623; x_wconf 88' lang='lat' dir='ltr'>rosae</span> <span class='ocrx_word' id='word_1_130' title='bbox 741 1563 931 1622; x_wconf 90' lang='lat' dir='ltr'>siccae</span> <span class='ocrx_word' id='word_1_131' title='bbox 980 1554 1060 1648; x_wconf 53' lang='grc'>9-</span> <span class='ocrx_word' id='word_1_132' title='bbox 1099 1560 1178 1642; x_wconf 89' lang='lat' dir='ltr'>II,</span> <span class='ocrx_word' id='word_1_133' title='bbox 1237 1564 1431 1623; x_wconf 89' lang='lat' dir='ltr'>casiae</span> <span class='ocrx_word' id='word_1_134' title='bbox 1480 1555 1560 1649; x_wconf 53' lang='grc'>9-</span> <span class='ocrx_word' id='word_1_135' title='bbox 1599 1561 1732 1644; x_wconf 88' lang='lat'>1111,</span> <span class='ocrx_word' id='word_1_136' title='bbox 1788 1562 2267 1624; x_wconf 87' lang='lat' dir='ltr'>schoenoanthus</span> 
     </span>
    </p>

    <p class='ocr_par' dir='ltr' id='par_1_7' title="bbox 145 1642 2269 2090">
     <span class='ocr_line' id='line_1_16' title="bbox 145 1642 2266 1738; baseline 0 -28"><span class='ocrx_word' id='word_1_137' title='bbox 145 1668 204 1710; x_wconf 88' lang='lat'>15</span> <span class='ocrx_word' id='word_1_138' title='bbox 239 1644 321 1738; x_wconf 56' lang='lat'>,9⁶</span> <span class='ocrx_word' id='word_1_139' title='bbox 361 1649 431 1727; x_wconf 84' lang='grc' dir='ltr'>ΙΙ,</span> <span class='ocrx_word' id='word_1_140' title='bbox 479 1649 602 1711; x_wconf 85' lang='lat' dir='ltr'>folii</span> <span class='ocrx_word' id='word_1_141' title='bbox 642 1642 722 1736; x_wconf 54' lang='lat'>9·</span> <span class='ocrx_word' id='word_1_142' title='bbox 759 1648 832 1731; x_wconf 81' lang='grc' dir='ltr'>Π,</span> <span class='ocrx_word' id='word_1_143' title='bbox 879 1652 1097 1711; x_wconf 90' lang='lat' dir='ltr'>amomi</span> <span class='ocrx_word' id='word_1_144' title='bbox 1134 1643 1214 1737; x_wconf 53' lang='grc'>9-</span> <span class='ocrx_word' id='word_1_145' title='bbox 1242 1649 1315 1733; x_wconf 87' lang='lat'>11,</span> <span class='ocrx_word' id='word_1_146' title='bbox 1361 1654 1514 1712; x_wconf 90' lang='lat' dir='ltr'>costi</span> <span class='ocrx_word' id='word_1_147' title='bbox 1553 1643 1633 1737; x_wconf 58' lang='grc' dir='ltr'>,9ο</span> <span class='ocrx_word' id='word_1_148' title='bbox 1663 1650 1735 1733; x_wconf 87' lang='lat'>11,</span> <span class='ocrx_word' id='word_1_149' title='bbox 1780 1652 2045 1712; x_wconf 89' lang='lat' dir='ltr'>masticis</span> <span class='ocrx_word' id='word_1_150' title='bbox 2085 1644 2165 1738; x_wconf 57' lang='grc' dir='ltr'>,9ο</span> <span class='ocrx_word' id='word_1_151' title='bbox 2196 1650 2266 1734; x_wconf 90' lang='lat' dir='ltr'>II,</span> 
     </span>
     <span class='ocr_line' id='line_1_17' title="bbox 232 1738 2265 1822; baseline 0 -22"><span class='ocrx_word' id='word_1_152' title='bbox 232 1739 456 1801; x_wconf 88' lang='lat' dir='ltr'>herbae</span> <span class='ocrx_word' id='word_1_153' title='bbox 503 1739 765 1801; x_wconf 87' lang='lat' dir='ltr'>absinthi</span> <span class='ocrx_word' id='word_1_154' title='bbox 812 1738 1086 1818; x_wconf 85' lang='lat' dir='ltr'>siliquam</span> <span class='ocrx_word' id='word_1_155' title='bbox 1132 1757 1341 1820; x_wconf 89' lang='lat' dir='ltr'>unam,</span> <span class='ocrx_word' id='word_1_156' title='bbox 1397 1742 1561 1801; x_wconf 88' lang='lat' dir='ltr'>croci</span> <span class='ocrx_word' id='word_1_157' title='bbox 1617 1740 1863 1820; x_wconf 89' lang='lat' dir='ltr'>siliquas</span> <span class='ocrx_word' id='word_1_158' title='bbox 1911 1739 2043 1822; x_wconf 87' lang='lat'>1111,</span> <span class='ocrx_word' id='word_1_159' title='bbox 2107 1740 2265 1801; x_wconf 89' lang='lat' dir='ltr'>aloes</span> 
     </span>
     <span class='ocr_line' id='line_1_18' title="bbox 233 1825 2267 1910; baseline -0.001 -19"><span class='ocrx_word' id='word_1_160' title='bbox 233 1828 555 1910; x_wconf 90' lang='lat' dir='ltr'>epatitidos</span> <span class='ocrx_word' id='word_1_161' title='bbox 612 1827 857 1908; x_wconf 89' lang='lat' dir='ltr'>siliquas</span> <span class='ocrx_word' id='word_1_162' title='bbox 912 1826 1046 1909; x_wconf 89' lang='lat'>1111,</span> <span class='ocrx_word' id='word_1_163' title='bbox 1100 1828 1293 1889; x_wconf 88' lang='lat' dir='ltr'>mellis</span> <span class='ocrx_word' id='word_1_164' title='bbox 1350 1830 1559 1909; x_wconf 89' lang='lat' dir='ltr'>optimi</span> <span class='ocrx_word' id='word_1_165' title='bbox 1613 1825 1677 1889; x_wconf 49' lang='lat' dir='ltr'>*S*</span> <span class='ocrx_word' id='word_1_166' title='bbox 1722 1828 1764 1890; x_wconf 89' lang='lat'>1.</span> <span class='ocrx_word' id='word_1_167' title='bbox 1855 1827 2014 1889; x_wconf 91' lang='lat' dir='ltr'>Haec</span> <span class='ocrx_word' id='word_1_168' title='bbox 2072 1832 2267 1890; x_wconf 90' lang='lat' dir='ltr'>omnia</span> 
     </span>
     <span class='ocr_line' id='line_1_19' title="bbox 236 1915 2269 1998; baseline -0.001 -19"><span class='ocrx_word' id='word_1_169' title='bbox 236 1920 556 1998; x_wconf 88' lang='lat' dir='ltr'>separatim</span> <span class='ocrx_word' id='word_1_170' title='bbox 611 1924 787 1979; x_wconf 88' lang='lat' dir='ltr'>tunsa</span> <span class='ocrx_word' id='word_1_171' title='bbox 844 1925 904 1977; x_wconf 89' lang='lat' dir='ltr'>et</span> <span class='ocrx_word' id='word_1_172' title='bbox 957 1918 1020 1976; x_wconf 92' lang='lat' dir='ltr'>in</span> <span class='ocrx_word' id='word_1_173' title='bbox 1076 1915 1383 1995; x_wconf 88' lang='lat' dir='ltr'>pulverem</span> <span class='ocrx_word' id='word_1_174' title='bbox 1440 1917 1757 1979; x_wconf 89' lang='lat' dir='ltr'>delicatum</span> <span class='ocrx_word' id='word_1_175' title='bbox 1804 1917 2042 1979; x_wconf 87' lang='lat' dir='ltr'>redacta</span> <span class='ocrx_word' id='word_1_176' title='bbox 2090 1918 2269 1978; x_wconf 88' lang='lat' dir='ltr'>simul</span> 
     </span>
     <span class='ocr_line' id='line_1_20' title="bbox 233 2006 2267 2090; baseline -0 -22"><span class='ocrx_word' id='word_1_177' title='bbox 233 2006 518 2068; x_wconf 88' lang='lat' dir='ltr'>miscebis</span> <span class='ocrx_word' id='word_1_178' title='bbox 565 2014 625 2066; x_wconf 89' lang='lat' dir='ltr'>et</span> <span class='ocrx_word' id='word_1_179' title='bbox 671 2007 757 2066; x_wconf 91' lang='lat' dir='ltr'>sic</span> <span class='ocrx_word' id='word_1_180' title='bbox 805 2022 1102 2085; x_wconf 85' lang='lat' dir='ltr'>excoques</span> <span class='ocrx_word' id='word_1_181' title='bbox 1147 2006 1308 2066; x_wconf 92' lang='lat' dir='ltr'>lento</span> <span class='ocrx_word' id='word_1_182' title='bbox 1354 2007 1511 2087; x_wconf 84' lang='lat' dir='ltr'>igne,</span> <span class='ocrx_word' id='word_1_183' title='bbox 1556 2024 1631 2067; x_wconf 92' lang='lat' dir='ltr'>ne</span> <span class='ocrx_word' id='word_1_184' title='bbox 1679 2006 1925 2090; x_wconf 81' lang='lat' dir='ltr'>ferveat,</span> <span class='ocrx_word' id='word_1_185' title='bbox 1971 2015 2032 2067; x_wconf 90' lang='lat' dir='ltr'>et</span> <span class='ocrx_word' id='word_1_186' title='bbox 2075 2008 2267 2067; x_wconf 91' lang='lat' dir='ltr'>uteris</span> 
     </span>
    </p>

    <p class='ocr_par' dir='ltr' id='par_1_8' title="bbox 150 2094 700 2157">
     <span class='ocr_line' id='line_1_21' title="bbox 150 2094 700 2157; baseline 0.004 -4"><span class='ocrx_word' id='word_1_187' title='bbox 150 2113 209 2153; x_wconf 81' lang='lat'>20</span> <span class='ocrx_word' id='word_1_188' title='bbox 238 2113 377 2157; x_wconf 91' lang='lat' dir='ltr'>cum</span> <span class='ocrx_word' id='word_1_189' title='bbox 423 2094 700 2155; x_wconf 81' lang='lat' dir='ltr'>volueris,</span> 
     </span>
    </p>

    <p class='ocr_par' dir='ltr' id='par_1_9' title="bbox 235 2181 2370 2531">
     <span class='ocr_line' id='line_1_22' title="bbox 415 2181 2369 2264; baseline 0.001 -20"><span class='ocrx_word' id='word_1_190' title='bbox 415 2183 506 2244; x_wconf 89' lang='lat' dir='ltr'>Ad</span> <span class='ocrx_word' id='word_1_191' title='bbox 550 2183 738 2245; x_wconf 82' lang='lat' dir='ltr'>bilem</span> <span class='ocrx_word' id='word_1_192' title='bbox 802 2181 1243 2263; x_wconf 87' lang='lat' dir='ltr'>reprimendam</span> <span class='ocrx_word' id='word_1_193' title='bbox 1307 2183 1576 2245; x_wconf 81' lang='lat' dir='ltr'>rafanum</span> <span class='ocrx_word' id='word_1_194' title='bbox 1643 2202 1716 2244; x_wconf 85' lang='lat' dir='ltr'>ex</span> <span class='ocrx_word' id='word_1_195' title='bbox 1778 2185 1986 2264; x_wconf 87' lang='lat' dir='ltr'>pipere</span> <span class='ocrx_word' id='word_1_196' title='bbox 2043 2190 2104 2245; x_wconf 88' lang='lat' dir='ltr'>et</span> <span class='ocrx_word' id='word_1_197' title='bbox 2159 2183 2265 2245; x_wconf 93' lang='lat' dir='ltr'>lini</span> <span class='ocrx_word' id='word_1_198' title='bbox 2301 2197 2369 2246; x_wconf 77' lang='lat'>5⁷</span> 
     </span>
     <span class='ocr_line' id='line_1_23' title="bbox 236 2272 2265 2354; baseline -0 -20"><span class='ocrx_word' id='word_1_199' title='bbox 236 2273 466 2335; x_wconf 90' lang='lat' dir='ltr'>semine</span> <span class='ocrx_word' id='word_1_200' title='bbox 512 2273 566 2332; x_wconf 89' lang='lat' dir='ltr'>si</span> <span class='ocrx_word' id='word_1_201' title='bbox 613 2274 745 2351; x_wconf 90' lang='lat' dir='ltr'>quis</span> <span class='ocrx_word' id='word_1_202' title='bbox 791 2273 1030 2333; x_wconf 89' lang='lat' dir='ltr'>ieiunus</span> <span class='ocrx_word' id='word_1_203' title='bbox 1075 2272 1536 2354; x_wconf 85' lang='lat' dir='ltr'>manducaverit,</span> <span class='ocrx_word' id='word_1_204' title='bbox 1584 2272 1908 2334; x_wconf 88' lang='lat' dir='ltr'>fortissime</span> <span class='ocrx_word' id='word_1_205' title='bbox 1949 2272 2129 2334; x_wconf 92' lang='lat' dir='ltr'>bilem</span> <span class='ocrx_word' id='word_1_206' title='bbox 2169 2291 2265 2334; x_wconf 85' lang='lat' dir='ltr'>ex·</span> 
     </span>
     <span class='ocr_line' id='line_1_24' title="bbox 235 2359 2370 2442; baseline -0.001 -20"><span class='ocrx_word' id='word_1_207' title='bbox 235 2378 507 2441; x_wconf 88' lang='lat' dir='ltr'>pressam</span> <span class='ocrx_word' id='word_1_208' title='bbox 542 2359 854 2422; x_wconf 90' lang='lat' dir='ltr'>inhibebit.</span> <span class='ocrx_word' id='word_1_209' title='bbox 910 2359 1142 2422; x_wconf 90' lang='lat' dir='ltr'>Fimum</span> <span class='ocrx_word' id='word_1_210' title='bbox 1180 2361 1350 2422; x_wconf 89' lang='lat' dir='ltr'>vituli</span> <span class='ocrx_word' id='word_1_211' title='bbox 1387 2369 1709 2442; x_wconf 89' lang='lat' dir='ltr'>recentem,</span> <span class='ocrx_word' id='word_1_212' title='bbox 1756 2364 1807 2422; x_wconf 88' lang='lat' dir='ltr'>si</span> <span class='ocrx_word' id='word_1_213' title='bbox 1844 2363 1980 2441; x_wconf 91' lang='lat' dir='ltr'>quis</span> <span class='ocrx_word' id='word_1_214' title='bbox 2018 2381 2090 2422; x_wconf 85' lang='lat' dir='ltr'>ex</span> <span class='ocrx_word' id='word_1_215' title='bbox 2128 2364 2264 2422; x_wconf 86' lang='lat' dir='ltr'>vino</span> <span class='ocrx_word' id='word_1_216' title='bbox 2302 2370 2370 2420; x_wconf 77' lang='lat'>58</span> 
     </span>
     <span class='ocr_line' id='line_1_25' title="bbox 237 2448 2265 2531; baseline 0 -20"><span class='ocrx_word' id='word_1_217' title='bbox 237 2451 408 2531; x_wconf 88' lang='lat' dir='ltr'>potui</span> <span class='ocrx_word' id='word_1_218' title='bbox 462 2449 694 2510; x_wconf 89' lang='lat' dir='ltr'>dederit</span> <span class='ocrx_word' id='word_1_219' title='bbox 748 2448 872 2530; x_wconf 84' lang='lat' dir='ltr'>his,</span> <span class='ocrx_word' id='word_1_220' title='bbox 928 2466 1079 2527; x_wconf 90' lang='lat' dir='ltr'>quos</span> <span class='ocrx_word' id='word_1_221' title='bbox 1137 2448 1348 2510; x_wconf 90' lang='lat' dir='ltr'>Graeci</span> <span class='ocrx_word' id='word_1_222' title='bbox 1403 2449 1731 2511; x_wconf 90' lang='lat' dir='ltr'>cholericos</span> <span class='ocrx_word' id='word_1_223' title='bbox 1786 2457 2024 2531; x_wconf 90' lang='lat' dir='ltr'>vocant,</span> <span class='ocrx_word' id='word_1_224' title='bbox 2082 2453 2265 2511; x_wconf 88' lang='lat' dir='ltr'>mani·</span> 
     </span>
    </p>

    <p class='ocr_par' dir='ltr' id='par_1_10' title="bbox 151 2536 2371 2972">
     <span class='ocr_line' id='line_1_26' title="bbox 151 2536 2370 2618; baseline -0.001 -20"><span class='ocrx_word' id='word_1_225' title='bbox 151 2556 210 2598; x_wconf 81' lang='lat'>25</span> <span class='ocrx_word' id='word_1_226' title='bbox 238 2540 392 2600; x_wconf 79' lang='lat' dir='ltr'>festo</span> <span class='ocrx_word' id='word_1_227' title='bbox 447 2538 715 2617; x_wconf 86' lang='lat' dir='ltr'>periculo</span> <span class='ocrx_word' id='word_1_228' title='bbox 770 2536 1063 2598; x_wconf 88' lang='lat' dir='ltr'>liberabit.</span> <span class='ocrx_word' id='word_1_229' title='bbox 1153 2536 1524 2599; x_wconf 89' lang='lat' dir='ltr'>Lenticulam</span> <span class='ocrx_word' id='word_1_230' title='bbox 1579 2537 1769 2599; x_wconf 87' lang='lat' dir='ltr'>lavato</span> <span class='ocrx_word' id='word_1_231' title='bbox 1824 2537 2139 2618; x_wconf 83' lang='lat' dir='ltr'>diligenter</span> <span class='ocrx_word' id='word_1_232' title='bbox 2194 2558 2267 2600; x_wconf 84' lang='lat' dir='ltr'>ex</span> <span class='ocrx_word' id='word_1_233' title='bbox 2303 2546 2370 2597; x_wconf 83' lang='lat'>59</span> 
     </span>
     <span class='ocr_line' id='line_1_27' title="bbox 238 2626 2266 2708; baseline -0.001 -19"><span class='ocrx_word' id='word_1_234' title='bbox 238 2646 391 2707; x_wconf 87' lang='lat' dir='ltr'>aqua</span> <span class='ocrx_word' id='word_1_235' title='bbox 438 2627 684 2707; x_wconf 89' lang='lat' dir='ltr'>munda,</span> <span class='ocrx_word' id='word_1_236' title='bbox 742 2626 955 2686; x_wconf 90' lang='lat' dir='ltr'>deinde</span> <span class='ocrx_word' id='word_1_237' title='bbox 1008 2644 1144 2686; x_wconf 90' lang='lat' dir='ltr'>cum</span> <span class='ocrx_word' id='word_1_238' title='bbox 1191 2644 1343 2705; x_wconf 91' lang='lat' dir='ltr'>aqua</span> <span class='ocrx_word' id='word_1_239' title='bbox 1390 2626 1575 2687; x_wconf 87' lang='lat' dir='ltr'>nitida</span> <span class='ocrx_word' id='word_1_240' title='bbox 1622 2627 1852 2687; x_wconf 84' lang='lat' dir='ltr'>fervere</span> <span class='ocrx_word' id='word_1_241' title='bbox 1900 2629 2078 2688; x_wconf 90' lang='lat' dir='ltr'>sinito</span> <span class='ocrx_word' id='word_1_242' title='bbox 2125 2645 2266 2708; x_wconf 89' lang='lat' dir='ltr'>pau·</span> 
     </span>
     <span class='ocr_line' id='line_1_28' title="bbox 237 2714 2266 2797; baseline -0.001 -20"><span class='ocrx_word' id='word_1_243' title='bbox 237 2717 404 2777; x_wconf 88' lang='lat' dir='ltr'>latim</span> <span class='ocrx_word' id='word_1_244' title='bbox 469 2722 531 2776; x_wconf 89' lang='lat' dir='ltr'>et</span> <span class='ocrx_word' id='word_1_245' title='bbox 592 2724 796 2797; x_wconf 84' lang='lat' dir='ltr'>postea</span> <span class='ocrx_word' id='word_1_246' title='bbox 860 2717 1049 2794; x_wconf 86' lang='lat' dir='ltr'>ipsam</span> <span class='ocrx_word' id='word_1_247' title='bbox 1115 2733 1330 2794; x_wconf 90' lang='lat' dir='ltr'>aquam</span> <span class='ocrx_word' id='word_1_248' title='bbox 1394 2714 1584 2775; x_wconf 85' lang='lat' dir='ltr'>colato</span> <span class='ocrx_word' id='word_1_249' title='bbox 1651 2724 1712 2775; x_wconf 93' lang='lat' dir='ltr'>et</span> <span class='ocrx_word' id='word_1_250' title='bbox 1775 2714 1910 2776; x_wconf 90' lang='lat' dir='ltr'>dato</span> <span class='ocrx_word' id='word_1_251' title='bbox 1967 2716 2266 2777; x_wconf 89' lang='lat' dir='ltr'>cholerico</span> 
     </span>
     <span class='ocr_line' id='line_1_29' title="bbox 237 2802 2371 2884; baseline -0.001 -18"><span class='ocrx_word' id='word_1_252' title='bbox 237 2804 585 2884; x_wconf 90' lang='lat' dir='ltr'>bibendam,</span> <span class='ocrx_word' id='word_1_253' title='bbox 639 2806 789 2864; x_wconf 88' lang='lat' dir='ltr'>mire</span> <span class='ocrx_word' id='word_1_254' title='bbox 843 2803 1128 2882; x_wconf 86' lang='lat' dir='ltr'>proderit.</span> <span class='ocrx_word' id='word_1_255' title='bbox 1219 2802 1496 2864; x_wconf 85' lang='lat' dir='ltr'>Absinthi</span> <span class='ocrx_word' id='word_1_256' title='bbox 1549 2803 1755 2864; x_wconf 84' lang='lat' dir='ltr'>viridis</span> <span class='ocrx_word' id='word_1_257' title='bbox 1807 2836 1881 2847; x_wconf 86' lang='lat'>-—</span> <span class='ocrx_word' id='word_1_258' title='bbox 1935 2803 2070 2884; x_wconf 88' lang='lat'>1111,</span> <span class='ocrx_word' id='word_1_259' title='bbox 2126 2803 2264 2864; x_wconf 88' lang='lat' dir='ltr'>salis</span> <span class='ocrx_word' id='word_1_260' title='bbox 2304 2812 2371 2861; x_wconf 86' lang='lat'>60</span> 
     </span>
     <span class='ocr_line' id='line_1_30' title="bbox 239 2891 2267 2972; baseline -0.001 -17"><span class='ocrx_word' id='word_1_261' title='bbox 239 2894 456 2955; x_wconf 86' lang='lat' dir='ltr'>marini</span> <span class='ocrx_word' id='word_1_262' title='bbox 500 2925 588 2936; x_wconf 93' lang='lat'>—</span> <span class='ocrx_word' id='word_1_263' title='bbox 625 2891 679 2952; x_wconf 88' lang='grc' dir='ltr'>ΙΙ</span> <span class='ocrx_word' id='word_1_264' title='bbox 730 2891 908 2953; x_wconf 90' lang='lat' dir='ltr'>simul</span> <span class='ocrx_word' id='word_1_265' title='bbox 954 2900 1114 2952; x_wconf 89' lang='lat' dir='ltr'>teres</span> <span class='ocrx_word' id='word_1_266' title='bbox 1162 2899 1222 2952; x_wconf 92' lang='lat' dir='ltr'>et</span> <span class='ocrx_word' id='word_1_267' title='bbox 1267 2893 1526 2953; x_wconf 87' lang='lat' dir='ltr'>sextario</span> <span class='ocrx_word' id='word_1_268' title='bbox 1572 2892 1857 2954; x_wconf 86' lang='lat' dir='ltr'>ferventis</span> <span class='ocrx_word' id='word_1_269' title='bbox 1903 2910 2090 2972; x_wconf 89' lang='lat' dir='ltr'>aquae</span> <span class='ocrx_word' id='word_1_270' title='bbox 2135 2910 2267 2972; x_wconf 88' lang='lat' dir='ltr'>per-</span> 
     </span>
    </p>

    <p class='ocr_par' dir='ltr' id='par_1_11' title="bbox 156 2979 2370 3329">
     <span class='ocr_line' id='line_1_31' title="bbox 156 2979 2267 3062; baseline 0 -22"><span class='ocrx_word' id='word_1_271' title='bbox 156 3000 213 3040; x_wconf 78' lang='lat' dir='ltr'>so</span> <span class='ocrx_word' id='word_1_272' title='bbox 240 2983 456 3044; x_wconf 82' lang='lat' dir='ltr'>fundes</span> <span class='ocrx_word' id='word_1_273' title='bbox 514 2987 576 3042; x_wconf 87' lang='lat' dir='ltr'>et</span> <span class='ocrx_word' id='word_1_274' title='bbox 614 2984 800 3062; x_wconf 46' lang='lat' dir='ltr'>atenui</span> <span class='ocrx_word' id='word_1_275' title='bbox 854 2979 1036 3042; x_wconf 90' lang='lat' dir='ltr'>linteo</span> <span class='ocrx_word' id='word_1_276' title='bbox 1094 2979 1317 3041; x_wconf 89' lang='lat' dir='ltr'>colabis</span> <span class='ocrx_word' id='word_1_277' title='bbox 1374 2987 1550 3059; x_wconf 91' lang='lat' dir='ltr'>atque</span> <span class='ocrx_word' id='word_1_278' title='bbox 1606 2984 1795 3061; x_wconf 89' lang='lat' dir='ltr'>ipsam</span> <span class='ocrx_word' id='word_1_279' title='bbox 1851 2999 2063 3060; x_wconf 87' lang='lat' dir='ltr'>aquam</span> <span class='ocrx_word' id='word_1_280' title='bbox 2110 2979 2267 3041; x_wconf 91' lang='lat' dir='ltr'>labo·</span> 
     </span>
     <span class='ocr_line' id='line_1_32' title="bbox 238 3067 2370 3150; baseline -0.002 -17"><span class='ocrx_word' id='word_1_281' title='bbox 238 3073 397 3133; x_wconf 89' lang='lat' dir='ltr'>ranti</span> <span class='ocrx_word' id='word_1_282' title='bbox 442 3069 610 3132; x_wconf 90' lang='lat' dir='ltr'>dabis</span> <span class='ocrx_word' id='word_1_283' title='bbox 657 3069 990 3131; x_wconf 90' lang='lat' dir='ltr'>bibendam.</span> <span class='ocrx_word' id='word_1_284' title='bbox 1065 3067 1261 3129; x_wconf 89' lang='lat' dir='ltr'>Herba</span> <span class='ocrx_word' id='word_1_285' title='bbox 1308 3068 1678 3131; x_wconf 88' lang='lat' dir='ltr'>Mercurialis</span> <span class='ocrx_word' id='word_1_286' title='bbox 1725 3088 1835 3150; x_wconf 90' lang='lat' dir='ltr'>pro</span> <span class='ocrx_word' id='word_1_287' title='bbox 1884 3078 2048 3131; x_wconf 88' lang='lat' dir='ltr'>certo</span> <span class='ocrx_word' id='word_1_288' title='bbox 2086 3070 2266 3132; x_wconf 92' lang='lat' dir='ltr'>bilem</span> <span class='ocrx_word' id='word_1_289' title='bbox 2304 3079 2370 3130; x_wconf 80' lang='grc'>61</span> 
     </span>
     <span class='ocr_line' id='line_1_33' title="bbox 237 3158 2266 3241; baseline -0.001 -20"><span class='ocrx_word' id='word_1_290' title='bbox 237 3161 650 3241; x_wconf 90' lang='lat' dir='ltr'>potentissime</span> <span class='ocrx_word' id='word_1_291' title='bbox 707 3158 1028 3238; x_wconf 90' lang='lat' dir='ltr'>protrahit,</span> <span class='ocrx_word' id='word_1_292' title='bbox 1092 3159 1145 3218; x_wconf 91' lang='lat' dir='ltr'>si</span> <span class='ocrx_word' id='word_1_293' title='bbox 1200 3176 1266 3218; x_wconf 91' lang='lat' dir='ltr'>ea</span> <span class='ocrx_word' id='word_1_294' title='bbox 1324 3165 1490 3219; x_wconf 91' lang='lat' dir='ltr'>cocta</span> <span class='ocrx_word' id='word_1_295' title='bbox 1548 3161 1676 3219; x_wconf 84' lang='lat' dir='ltr'>vice</span> <span class='ocrx_word' id='word_1_296' title='bbox 1730 3158 1952 3220; x_wconf 92' lang='lat' dir='ltr'>holeris</span> <span class='ocrx_word' id='word_1_297' title='bbox 2008 3162 2266 3220; x_wconf 89' lang='lat' dir='ltr'>vescaris</span> 
     </span>
     <span class='ocr_line' id='line_1_34' title="bbox 238 3246 2265 3329; baseline -0.002 -18"><span class='ocrx_word' id='word_1_298' title='bbox 238 3252 490 3329; x_wconf 92' lang='lat' dir='ltr'>eiusque</span> <span class='ocrx_word' id='word_1_299' title='bbox 547 3265 786 3329; x_wconf 88' lang='lat' dir='ltr'>aquam,</span> <span class='ocrx_word' id='word_1_300' title='bbox 840 3249 904 3307; x_wconf 93' lang='lat' dir='ltr'>in</span> <span class='ocrx_word' id='word_1_301' title='bbox 960 3265 1077 3326; x_wconf 88' lang='lat' dir='ltr'>qua</span> <span class='ocrx_word' id='word_1_302' title='bbox 1132 3254 1298 3307; x_wconf 89' lang='lat' dir='ltr'>cocta</span> <span class='ocrx_word' id='word_1_303' title='bbox 1345 3246 1551 3329; x_wconf 86' lang='lat' dir='ltr'>fuerit,</span> <span class='ocrx_word' id='word_1_304' title='bbox 1607 3248 1835 3308; x_wconf 89' lang='lat' dir='ltr'>adiecto</span> <span class='ocrx_word' id='word_1_305' title='bbox 1882 3247 2056 3309; x_wconf 90' lang='lat' dir='ltr'>melle</span> <span class='ocrx_word' id='word_1_306' title='bbox 2101 3255 2265 3327; x_wconf 88' lang='lat' dir='ltr'>pota·</span> 
     </span>
    </p>
   </div>
   <div class='ocr_carea' id='block_1_3' title="bbox 235 3399 2266 3672">
    <p class='ocr_par' dir='ltr' id='par_1_12' title="bbox 235 3399 2266 3672">
     <span class='ocr_line' id='line_1_35' title="bbox 423 3399 2264 3472; baseline 0 -16"><span class='ocrx_word' id='word_1_307' title='bbox 423 3407 453 3456; x_wconf 88' lang='lat'>1</span> <span class='ocrx_word' id='word_1_308' title='bbox 493 3399 778 3456; x_wconf 83' lang='lat' dir='ltr'>choleram</span> <span class='ocrx_word' id='word_1_309' title='bbox 814 3399 1197 3469; x_wconf 88' lang='lat' dir='ltr'>proiciendam</span> <span class='ocrx_word' id='word_1_310' title='bbox 1237 3399 1542 3455; x_wconf 77' lang='lat' dir='ltr'>Cornarius</span> <span class='ocrx_word' id='word_1_311' title='bbox 1578 3415 1799 3468; x_wconf 80' lang='lat' dir='ltr'>semper.</span> <span class='ocrx_word' id='word_1_312' title='bbox 1888 3405 1922 3455; x_wconf 81' lang='lat'>2</span> <span class='ocrx_word' id='word_1_313' title='bbox 1959 3400 2264 3472; x_wconf 83' lang='lat' dir='ltr'>camapius.</span> 
     </span>
     <span class='ocr_line' id='line_1_36' title="bbox 239 3468 2266 3543; baseline 0 -15"><span class='ocrx_word' id='word_1_314' title='bbox 239 3472 457 3543; x_wconf 81' lang='lat' dir='ltr'>syriace</span> <span class='ocrx_word' id='word_1_315' title='bbox 493 3487 628 3528; x_wconf 81' lang='lat' dir='ltr'>vero</span> <span class='ocrx_word' id='word_1_316' title='bbox 665 3469 983 3541; x_wconf 78' lang='lat' dir='ltr'>pitysorisis</span> <span class='ocrx_word' id='word_1_317' title='bbox 1025 3468 1344 3527; x_wconf 65' lang='lat' dir='ltr'>Commius·</span> <span class='ocrx_word' id='word_1_318' title='bbox 1498 3520 1502 3526; x_wconf 88' lang='lat'>.</span> <span class='ocrx_word' id='word_1_319' title='bbox 1531 3477 1563 3525; x_wconf 92' lang='lat'>8</span> <span class='ocrx_word' id='word_1_320' title='bbox 1602 3469 1962 3543; x_wconf 77' lang='lat' dir='ltr'>absinthiati]</span> <span class='ocrx_word' id='word_1_321' title='bbox 2001 3471 2266 3528; x_wconf 82' lang='lat' dir='ltr'>absinthi.</span> 
     </span>
     <span class='ocr_line' id='line_1_37' title="bbox 238 3540 2265 3613; baseline 0 -14"><span class='ocrx_word' id='word_1_322' title='bbox 238 3545 484 3600; x_wconf 77' lang='lat' dir='ltr'>flemata.</span> <span class='ocrx_word' id='word_1_323' title='bbox 633 3548 665 3597; x_wconf 82' lang='lat'>9</span> <span class='ocrx_word' id='word_1_324' title='bbox 704 3540 1107 3597; x_wconf 67' lang='lat' dir='ltr'>nardostachis</span> <span class='ocrx_word' id='word_1_325' title='bbox 1241 3541 1634 3611; x_wconf 80' lang='lat' dir='ltr'>scynoanthos.</span> <span class='ocrx_word' id='word_1_326' title='bbox 1767 3548 1833 3595; x_wconf 83' lang='lat'>14</span> <span class='ocrx_word' id='word_1_327' title='bbox 1872 3542 2265 3613; x_wconf 70' lang='lat' dir='ltr'>scynoanthoS.</span> 
     </span>
     <span class='ocr_line' id='line_1_38' title="bbox 235 3612 1090 3672; baseline -0.004 0"><span class='ocrx_word' id='word_1_328' title='bbox 235 3622 307 3672; x_wconf 78' lang='lat'>24</span> <span class='ocrx_word' id='word_1_329' title='bbox 346 3614 612 3671; x_wconf 79' lang='lat' dir='ltr'>cholicOS.</span> <span class='ocrx_word' id='word_1_330' title='bbox 750 3619 817 3668; x_wconf 81' lang='lat'>27</span> <span class='ocrx_word' id='word_1_331' title='bbox 858 3612 1090 3669; x_wconf 87' lang='lat' dir='ltr'>cholieo.</span> 
     </span>
    </p>
   </div>
  </div>
 </body>
</html>
