2575 4092
1120 230 1603 296 —338—

345 400 397 458 si
452 398 620 475 prius
675 396 884 476 facias,
943 402 1259 474 antequam
1306 400 1629 453 nascantur
1672 393 1943 471 inguina,
2001 408 2245 452 omnem
2298 392 2390 450 in-

345 487 592 565 guinum
648 484 742 544 vel
795 482 1206 563 glandularum
1254 479 1584 542 molestiam
1631 478 2004 562 prohibebis,
2052 481 2104 540 si
2150 487 2388 560 postea,

234 587 307 637 2ο
346 573 611 635 dolorem
652 580 1066 651 tumoremque
1104 569 1358 631 sedabis
1433 569 1752 631 Surculum
1791 587 2030 648 quoque
2070 587 2143 629 ex
2181 575 2385 647 myrto

243 675 310 725 21
350 672 511 724 terra
554 669 782 724 tactum
828 663 879 722 si
927 662 1062 740 quis
1110 667 1294 742 gerat,
1340 657 1414 719 ab
1459 657 1804 738 inguinibus
1851 666 2017 718 tutus
2064 659 2196 718 erit.
2287 656 2384 717 ln-

346 750 629 831 guinibus
665 757 944 830 potenter
980 748 1315 852 medebere3
1359 748 1411 807 si
1447 745 1521 808 de
1549 747 1687 808 licio
1717 752 1944 826 septem
1972 745 2161 806 nodos
2189 746 2381 806 facias
2410 761 2439 802 ⁵
2554 757 2557 826 j

351 847 412 901 et
458 839 531 900 ad
580 838 847 918 singulos
892 838 1100 899 viduas
1146 839 1416 897 nomines
1464 843 1526 896 et
1571 853 1752 916 supra
1797 834 1982 895 talum
2027 837 2161 896 eius
2204 833 2386 913 pedis
2554 833 2557 886 l

352 927 575 1008 alliges,
621 930 683 989 in
731 930 903 988 cuius
948 934 1116 1007 parte
1163 933 1342 986 erunt
1386 926 1646 1005 inguina.

248 1029 316 1078 22
535 1017 599 1077 Si
654 1016 727 1077 ab
782 1014 1101 1095 equitando
1153 1021 1360 1074 vexata
1407 1014 1632 1074 fuerint
1676 1014 1920 1092 inguina
1964 1019 2068 1073 aut
2110 1013 2385 1072 intertri-

352 1107 523 1183 gines
568 1103 879 1184 dolebunt,
926 1120 1134 1183 spuma
1180 1103 1322 1181 equi
1366 1102 1674 1183 fricentur,
1721 1103 1921 1162 statim
1964 1099 2384 1161 remediabun-

247 1205 318 1255 23
357 1201 474 1254 tur.
545 1192 791 1254 Stercus
829 1189 1071 1254 suillum
1108 1208 1243 1251 cum
1281 1189 1414 1250 oleo
1450 1191 1804 1269 perfrictum
1841 1197 1902 1250 et
1936 1192 1999 1249 in
2034 1196 2189 1250 testa
2225 1188 2383 1249 cale·
2414 1205 2466 1246 ιο

250 1294 316 1343 24
359 1283 579 1342 sactum
627 1287 687 1341 et
732 1278 1077 1358 inguinibus
1122 1280 1449 1357 inpositum
1485 1278 2105 1359 plurimumprodest.
2174 1276 2383 1337 Pollex

359 1371 488 1430 eius
553 1369 748 1449 pediS‚
812 1370 876 1433 in
934 1386 1052 1447 quo
1106 1368 1352 1446 inguina
1407 1374 1611 1448 erunt,
1675 1386 1812 1428 cum
1864 1368 2133 1446 proximo
2191 1366 2381 1444 digito

247 1470 317 1520 25
355 1458 571 1538 ligatus
630 1457 780 1518 mire
834 1456 1126 1518 medetur.
1210 1456 1276 1516 Si
1333 1458 1466 1535 quis
1521 1455 1595 1517 ab
1651 1455 1970 1536 equitando
2026 1462 2128 1515 aut
2175 1454 2380 1516 ambu-

348 1547 524 1608 lando
561 1548 782 1626 inguen
805 1545 1115 1625 habuerit,
1151 1545 1386 1605 scribat⁴
1411 1547 1475 1605 in
1512 1544 1715 1606 charta
1747 1562 1960 1617 κυστος
1991 1550 2052 1604 et
2079 1543 2150 1603 ad
2181 1543 2379 1604 femur

348 1635 463 1697 sibi
509 1635 726 1714 alliget,
773 1637 893 1695 cito
941 1632 1264 1697 sanabitur.
2408 1650 2463 1691 ιε

242 1735 310 1784 26
527 1723 615 1784 Ad
678 1722 1084 1803 condylomata
1141 1724 1455 1801 inguinum
1511 1721 1605 1782 vel
1659 1720 2061 1800 quarumlibet
2114 1721 2379 1800 partium

348 1811 724 1873 malicorium
772 1829 909 1873 cum
955 1813 1078 1871 vini
1122 1812 1332 1890 optimi
1379 1812 1635 1871 sextario
1681 1810 1755 1871 ad
1802 1810 2046 1890 cyathos
2087 1809 2240 1869 duos
2279 1810 2378 1869 de·

350 1907 585 1962 coctum
633 1908 693 1962 et
738 1918 876 1961 cum
923 1899 1130 1960 eodem
1179 1900 1315 1960 vino
1361 1901 1579 1960 tritum
1618 1906 1796 1978 atque
1843 1906 1912 1960 ut
1947 1896 2234 1977 malagma
2271 1900 2378 1963 im·
2556 1915 2557 2010 1

244 2001 311 2049 27
351 1991 614 2070 positum
668 1988 1072 2068 condylomata
1129 1988 1281 2048 facta
1335 1995 1629 2067 persanat.
1712 1986 2026 2048 Medullam
2083 1989 2247 2047 canis
2307 2004 2377 2047 ex

158 2151 176 2160 ,
354 2081 489 2140 vino
545 2086 744 2138 vetere
810 2076 1020 2155 subige
1085 2084 1146 2137 et
1210 2075 1514 2157 emplastri
1577 2075 1751 2137 modo
1808 2078 2046 2155 impone
2103 2075 2379 2155 condylo·
2406 2092 2462 2132 so

244 2177 314 2227 28
352 2168 553 2246 matiS‚
609 2174 885 2246 potenter
942 2183 1008 2225 ea
1060 2164 1313 2225 sanabis
1395 2164 1737 2244 Argimonia
1782 2168 1921 2225 trita
1969 2171 2029 2224 et
2075 2163 2231 2242 adipi
2281 2182 2379 2225 an-

242 2267 313 2316 29
354 2256 587 2314 serinac
624 2253 881 2313 admixta
918 2254 1315 2332 impositaque
1354 2253 1778 2333 condylomatis
1814 2252 2105 2314 medetur.
2167 2251 2380 2313 Oleum

351 2349 525 2402 vetus
572 2359 708 2402 cum
754 2339 991 2420 polenta
1038 2340 1337 2421 decoques
1383 2349 1443 2403 et
1488 2340 1911 2403 calidissimum
1952 2340 2380 2420 condylomatis

243 2442 313 2491 30
351 2433 638 2509 impones.
723 2428 886 2490 Folia
940 2428 1077 2490 ruhi
1137 2433 1392 2491 contrita
1444 2438 1504 2491 et
1550 2448 1687 2491 cum
1733 2449 1765 2491 c
1874 2437 1935 2490 to
1982 2447 2230 2490 rosaceo
2274 2432 2380 2490 im·

241 2531 307 2580 31
347 2520 549 2600 posita
594 2525 805 2580 sanant
851 2519 1046 2579 omnia
1093 2517 1516 2598 condylomata.
1589 2519 1786 2598 Adeps
1867 2520 2061 2579 nseris
2109 2536 2249 2579 cum
2286 2536 2379 2579 ce·
2407 2533 2460 2575 2⁵
2554 2533 2555 2540 ¹

351 2625 523 2668 russa
588 2614 648 2667 et
715 2607 844 2667 oleo
901 2624 1143 2668 rosaceo
1202 2616 1261 2668 et
1327 2626 1464 2668 cera
1527 2607 1772 2668 Pontica
1944 2625 2131 2668 unum
2189 2608 2380 2668 ceroti

353 2694 529 2756 modo
576 2697 902 2774 composita
950 2702 1009 2756 et
1046 2698 1321 2775 imposita
1358 2695 1585 2757 utiliter
1624 2696 1776 2756 cond
1875 2697 2049 2756 matis
2085 2695 2379 2756 medetur.

241 2795 313 2845 32
354 2784 486 2846 Mus
533 2802 805 2865 araneuS,
852 2785 956 2863 qui
1002 2803 1138 2846 cum
1180 2787 1242 2845 in
1280 2784 1536 2846 orbitam
1573 2784 1826 2846 incideri
1888 2785 2160 2865 moritur,
2207 2790 2379 2845 ustus

349 2875 413 2936 in
453 2875 716 2934 cinerem
754 2872 1031 2933 redactus
1074 2880 1135 2933 et
1172 2891 1309 2934 cum
1348 2873 1518 2952 adipe
1556 2876 1828 2934 anserina
1866 2874 2201 2951 permixtus
2240 2890 2376 2933 con-

353 2960 662 3040 dylomatis
709 2961 986 3021 infrictus
1032 2964 1251 3023 mirum
1297 2962 1626 3022 remedium
1674 2961 1883 3023 adfert.
2403 2977 2455 3018 so

174 3079 184 3084 ·
245 3062 314 3110 33
532 3048 619 3109 Ad
674 3051 1085 3128 intertrigines
1140 3049 1430 3110 sanandas
1484 3048 1744 3129 libystici
1798 3049 1953 3110 foliis
1999 3050 2376 3111 commandu-

353 3138 501 3198 catis
560 3156 770 3198 sucum
820 3149 1132 3216 exceptum
1182 3140 1233 3199 si
1280 3140 1336 3199 ei
1382 3138 1511 3198 loco
1559 3138 1934 3219 adposueris,
1989 3157 2126 3200 cum
2171 3157 2376 3200 morsu

246 3239 316 3288 34
354 3226 622 3307 quidem,
690 3227 793 3287 sed
851 3229 1132 3288 continuo
1190 3227 1443 3288 sanabis,
1533 3226 1729 3288 Gallae
1785 3235 2068 3289 contusae
2123 3230 2187 3288 in
2244 3230 2375 3288 vino

242 3327 316 3377 35
356 3324 559 3376 coctae
599 3322 776 3394 atque
814 3316 1123 3394 impositae
1162 3317 1527 3394 intertrigini
1564 3316 1885 3394 plurimum
1922 3323 2192 3395 prosunt.
2255 3315 2377 3377 Cal-

526 3455 560 3503 4
596 3452 747 3504 terra.
782 3450 1026 3522 tactum]
1074 3450 1356 3521 leyendum
1391 3451 1608 3506 videtur
1641 3452 1795 3505 terra
1830 3468 1940 3506 non
1982 3451 2219 3520 tactum,
2256 3467 2376 3506 cum

345 3521 420 3574 sit
464 3522 618 3589 apud
654 3521 804 3576 Ptin.
838 3521 915 3588 11,
956 3527 1020 3575 21
1075 3522 1177 3590 (ed.
1213 3521 1397 3589 Ros.)·
1456 3521 1553 3589 qui
1597 3521 1808 3577 habeat
1853 3538 2041 3576 seeum
2091 3522 2375 3576 surculum

349 3604 420 3642 ex
453 3593 642 3659 myrto
678 3608 782 3646 nec
817 3589 964 3647 ferro
1001 3607 1105 3646 nec
1143 3594 1295 3646 terra.
1328 3593 1569 3661 tactum3
1607 3594 1679 3660 cf.
1718 3593 2306 3663 Plin.n.h.2s,1cs.
