2575 4092
1092 230 1576 295 —196—

315 397 608 477 Cydoneis
646 404 746 456 aut
783 393 1056 474 palmulis
1097 393 1413 456 Thebaicis
1456 403 1558 455 aut
1592 393 1756 454 bacis
1793 402 2020 473 myrtae
2059 392 2151 454 vel
2188 393 2353 455 foliis

316 494 419 547 aut
464 487 665 565 granis
713 484 850 544 mali
896 483 1104 544 Punici
1162 492 1264 544 aut
1315 482 1552 545 lentisci
1597 482 1755 543 foliis
1792 485 2017 544 teneris
2063 490 2167 543 aut
2212 483 2353 544 rubi

317 575 575 636 admixto
622 572 741 634 illic
789 573 986 653 aliquo
1026 591 1206 652 supra
1244 573 1390 633 dicti
1426 575 1664 652 generis
1701 574 1855 633 vinc.
1935 571 2110 632 Panis
2149 580 2353 633 autem

314 662 660 726 huiusmodi
715 662 1165 723 difficultatibus
1226 663 1471 742 prodest
1531 663 1869 722 summatim
1930 661 2349 744 fermentatus;

319 753 513 815 edulia
569 770 808 832 quoque
863 759 1116 831 prosunt
1171 752 1346 812 haec:
1417 750 1644 831 Intubi,
1708 750 1973 811 lactucae
2034 769 2105 811 ex
2162 760 2353 833 aceto,
2386 769 2412 810 5

318 842 635 923 brassicae,
674 844 846 923 siser,
883 841 1118 902 cocleae
1158 840 1466 901 bullientis
1513 839 1798 915 frustella,
1842 839 2131 921 ungellae,
2168 840 2356 923 turdi,

317 932 620 1015 perdiceS,
684 937 984 1010 turtureS,
1048 938 1381 1009 attagenae,
1434 929 1727 1010 palumbi,
1783 930 2012 1010 cancri,
2067 928 2355 1012 locustae,

321 1021 632 1101 lolligineS,
679 1021 930 1101 saepiae,
976 1019 1161 1100 mulli,
1211 1021 1489 1099 muriceS,
1535 1036 1858 1098 purpurae,
1903 1018 2265 1097 pectunculi.

214 1124 281 1173 27
501 1110 588 1169 Ad
637 1107 967 1169 resolutum
1015 1108 1384 1170 stomachum
1433 1107 1562 1168 dari
1607 1114 1845 1187 oportet
1894 1109 2167 1185 protinus
2215 1127 2357 1169 cum

321 1200 601 1260 reiecerit
654 1215 866 1276 panem
924 1216 997 1257 ex
1053 1216 1204 1277 aqua
1261 1198 1474 1275 frigida
1528 1197 1620 1257 vel
1685 1216 1755 1257 ex
1812 1215 1992 1276 posca
2055 1205 2117 1258 et
2171 1199 2225 1258 si
2278 1217 2357 1258 ne
2387 1216 2446 1255 ιο

322 1289 437 1349 hoc
478 1287 718 1366 quidem
755 1288 1137 1368 continuerit,
1176 1289 1377 1347 statim
1415 1287 1555 1347 dare
1594 1286 1775 1347 debes
1814 1285 2032 1347 lentem
2069 1294 2130 1347 et
2156 1285 2358 1347 betam

325 1386 554 1438 coctam
608 1375 703 1436 vel
765 1375 971 1436 alicam
1025 1375 1119 1436 vel
1175 1394 1281 1437 ova
1339 1375 1502 1454 apala
1551 1374 1642 1436 vel
1689 1374 1985 1454 ungellam
2033 1376 2358 1437 discoctam

324 1466 419 1526 vel
465 1464 696 1526 cocleas
743 1464 924 1525 elixas
973 1474 1074 1526 aut
1119 1468 1381 1526 murices
1428 1474 1488 1526 et
1534 1482 1746 1544 aquam
1794 1464 2097 1546 frigidam3
2153 1465 2259 1526 sed
2308 1469 2361 1527 si

327 1555 474 1617 nihil
522 1573 702 1634 supra
750 1554 1046 1615 dictorum
1094 1556 1477 1637 continuerit,
1525 1554 1755 1614 dandus
1803 1556 1918 1614 erit
1964 1555 2086 1614 vini
2132 1558 2362 1616 austeri

325 1647 479 1707 meri
515 1645 763 1724 cyathus
800 1653 861 1705 et
897 1662 970 1704 ex
1007 1643 1320 1705 intervallo
1357 1644 1450 1703 bis
1488 1652 1653 1704 terve
1692 1661 1906 1703 rursus
1943 1643 2101 1703 idem
2140 1644 2360 1704 facien·
2389 1660 2448 1701 15

222 1749 290 1798 28
331 1735 472 1797 dum
521 1735 653 1794 erit.
699 1733 864 1794 Vinis
913 1752 1151 1813 quoque
1197 1734 1488 1793 utendum
1537 1741 1629 1793 est
1675 1734 1818 1792 satis
1861 1732 2163 1793 stomacho
2202 1734 2361 1795 utili·

331 1824 445 1884 bus
504 1832 606 1884 aut
661 1842 733 1883 ex
795 1822 959 1883 bacis
1015 1830 1240 1902 myrtae
1303 1823 1473 1882 factis
1539 1829 1642 1882 aut
1669 1840 1675 1847 ·
1707 1840 1779 1882 ex
1848 1820 2015 1882 malis
2080 1820 2364 1901 cydoneis

329 1915 556 1993 pressis
603 1920 705 1972 aut
752 1930 824 1972 ex
861 1913 1150 1991 iuniperis
1188 1911 1278 1971 vel
1319 1911 1542 1990 hysopo
1581 1911 1821 1971 condito
1846 1909 1950 1970 ·vcl
1987 1913 2231 1990 origano
2270 1911 2364 1972 vel

331 2021 404 2063 ex
450 2001 755 2063 marrubio
801 2000 895 2061 vel
942 2019 1014 2060 ex
1061 2009 1194 2063 ruta
1249 2000 1512 2061 silvatica
1551 1999 1642 2059 vel
1680 2018 1752 2060 ex
1789 1998 1972 2060 herba
2010 1999 2365 2081 lucernaria,

333 2109 508 2171 quam
556 2090 768 2151 Graeci
815 2088 1094 2167 phlomon
1141 2098 1380 2170 vocant,
1428 2088 1520 2149 vel
1567 2107 1637 2148 ex
1686 2088 1920 2149 scordio
1969 2088 2060 2149 vel
2107 2107 2179 2150 ex
2227 2108 2366 2151 cen·
2396 2107 2453 2147 20

332 2189 540 2241 taurea
584 2178 678 2239 vel
725 2196 797 2238 ex
844 2178 994 2258 lycio
1041 2178 1134 2238 vel
1181 2197 1251 2238 ex
1299 2177 1611 2239 absenthio
1654 2178 1746 2238 vel
1784 2196 1857 2238 ex
1893 2177 2235 2239 terebintho
2273 2179 2368 2241 vel

335 2288 408 2329 ex
451 2267 704 2328 lentisco
750 2266 843 2327 vel
889 2285 962 2327 ex
1006 2269 1155 2346 piris
1196 2267 1454 2346 Syriacis
1502 2266 1593 2327 vel
1640 2286 1712 2327 ex
1757 2266 1912 2327 malo
1960 2275 2222 2346 granato.

224 2373 296 2422 29
512 2356 601 2417 Ad
646 2355 1011 2417 inflationem
1060 2356 1367 2437 stomachi,
1415 2356 1531 2416 coli
1576 2365 1637 2416 et
1680 2358 1905 2416 ventris
1953 2356 2188 2417 dolores
2226 2358 2370 2418 dan-

337 2448 478 2508 dum
517 2454 610 2507 est
646 2445 991 2507 huiusmodi
1026 2445 1553 2506 medicamentum:
1599 2444 1833 2523 Piperis
1867 2444 2071 2527 XIIII,
2110 2450 2374 2508 castorei

336 2536 389 2597 X
426 2535 471 2616 l,
517 2537 615 2614 opi
660 2533 712 2594 X
748 2533 819 2615 11,
867 2553 1099 2615 myrrae
1143 2534 1194 2594 X
1233 2534 1298 2616 V,
1345 2534 1680 2613 petrosilini
1716 2533 1767 2594 X
1804 2533 1929 2614 1111,
1976 2536 2141 2595 anesi
2179 2534 2231 2595 X
2268 2535 2372 2618 111,
2402 2550 2459 2591 25

336 2625 511 2685 nardi
549 2624 824 2704 Syriacae
866 2623 918 2684 X
957 2623 998 2685 1.
1074 2623 1537 2685 contunduntur
1583 2631 1643 2684 et
1679 2622 2021 2684 cribrantur
2067 2626 2263 2685 omnia
2315 2634 2377 2686 et

337 2715 803 2796 permiscentur,
868 2713 1009 2774 inde
1066 2713 1241 2774 datur
1298 2722 1357 2773 et
1413 2721 1548 2773 ante
1606 2720 1842 2773 noctem
1899 2720 1960 2773 et
2012 2715 2071 2772 in
2131 2722 2377 2775 noctem

341 2802 687 2864 cocliarium
723 2802 818 2862 vel
855 2801 990 2881 plus
1027 2820 1137 2882 pro
1178 2804 1472 2881 cuiusque
1510 2800 1738 2862 viribus
1778 2820 1916 2862 cum
1944 2802 2152 2882 cyatho
2182 2821 2376 2882 aquae

342 2891 564 2954 calidae
629 2900 690 2952 et
752 2890 942 2953 mellis
1003 2899 1290 2972 quantum
1358 2893 1503 2952 satis
1569 2890 1880 2952 videbitur.
1981 2888 2138 2952 Haec
2206 2895 2377 2971 potio

327 2999 620 3042 somnum
674 2981 977 3062 conciliat,
1036 2983 1455 3042 concoctiones
1512 2980 1866 3059 doloresque
1924 2998 2129 3041 omnes
2176 2981 2379 3063 sedat3
2411 2996 2467 3037 so

342 3072 665 3151 praecipue
721 3079 919 3131 autem
980 3070 1226 3150 prodest
1279 3069 1544 3151 mulieri,
1608 3087 1758 3148 quae
1820 3068 1949 3130 colo
2004 3078 2254 3131 vexatur
2319 3080 2383 3132 et

344 3161 488 3220 viris
536 3158 746 3220 eodem
787 3159 962 3219 modo
1002 3158 1408 3220 laborantibus
1446 3160 1737 3219 convenit.
1811 3158 1959 3218 [tem
1999 3159 2069 3219 ad
2106 3168 2382 3221 tumores

345 3249 834 3331 praecordiorum
882 3250 1057 3309 etiam
1099 3251 1162 3309 in
1200 3247 1469 3310 febribus
1508 3255 1568 3309 et
1605 3249 1675 3308 ad
1713 3248 1926 3308 tussim
1965 3255 2027 3309 et
2062 3247 2133 3308 ad
2172 3248 2384 3310 lateris

528 3408 560 3457 5
597 3401 883 3459 haedulia.
1067 3408 1097 3457 7
1136 3382 1407 3457 lucustae.
1587 3407 1649 3456 11
1692 3400 1865 3457 debis.
2040 3406 2105 3454 12
2144 3401 2356 3457 alicam

348 3475 497 3529 alica
534 3474 670 3529 eiua.
838 3479 905 3528 15
942 3474 1156 3545 rursus]
1195 3490 1337 3527 rsus.
1509 3472 1687 3544 idem]
1724 3470 1853 3542 ipsi.
2029 3478 2092 3527 17
2133 3401 2385 3544 myrrae}

349 3544 568 3600 mistae.
666 3606 673 3612 ,
755 3552 819 3601 19
859 3544 1197 3617 lucernaria]
1235 3543 1481 3600 tiniaria.
1666 3551 1736 3600 20
1772 3543 1943 3600 folon.
2126 3544 2388 3600 scorde0.

352 3621 420 3668 21
455 3615 605 3673 licio.
751 3622 820 3671 26
859 3616 1218 3672 scribrantur.
