2575 4092
734 818 742 824 q
826 730 1118 806 Index
1171 731 1694 809 Verborum.

244 923 304 978 a,
334 907 440 962 ab:
479 907 546 961 de
580 911 814 974 tempore
850 920 885 958 a
911 904 1051 959 solio
1088 906 1129 957 i.
1158 921 1207 974 q.

281 980 413 1049 post
449 977 654 1033 solium
692 980 863 1044 23‚13.
918 990 954 1029 a
981 976 1207 1031 balineo

280 1055 456 1117 26‚99.
489 1053 608 1102 105.
660 1065 696 1101 a
714 1045 849 1101 foris
870 1052 1009 1115 9,57.
1032 1050 1206 1115 17,23.

280 1122 355 1175 ab
390 1119 539 1173 intro
580 1124 716 1186 15,9.

247 1191 525 1246 ablutusz
566 1188 838 1245 concham
873 1204 1096 1243 aeream
1138 1189 1209 1244 de

279 1263 448 1317 melle
497 1260 628 1315 albo
678 1259 907 1314 abintus
954 1277 1207 1330 perunge

278 1335 460 1388 totam
490 1338 630 1400 833.
681 1329 767 1386 ita
794 1331 858 1383 ut
886 1329 1206 1400 iuniperum

280 1403 505 1459 abintus
540 1405 813 1473 purgetur
850 1406 1025 1469 20,88.

242 1474 589 1541 ablingere:
613 1474 803 1528 oculos
819 1472 1098 1543 ablingito
1113 1473 1205 1528 vel

276 1543 503 1601 inlinito
540 1563 642 1614 per
677 1543 933 1613 linguam
970 1549 1145 1612 8‚137.

241 1617 497 1673 aborsus
534 1621 713 1682 20‚33.

238 1688 599 1746 abrotanum
616 1692 788 1753 16,69.
803 1692 886 1740 93.
907 1692 931 1739 1
944 1691 1041 1752 7‚4.
1062 1692 1201 1754 33,8.

274 1758 609 1814 abrotonum
644 1764 747 1825 3‚4.
777 1762 916 1825 25,6.
947 1762 1122 1825 29,11.

237 1830 621 1886 absenthium
659 1833 832 1897 20‚28.
865 1832 950 1883 41.
1027 1829 1204 1883 herba

274 1899 533 1956 absenthi
545 1905 717 1967 20,46.
739 1899 1021 1955 absenthii
1036 1915 1200 1953 sucus

276 1977 449 2039 20,31.
471 1977 558 2026 48.
579 1978 666 2027 96.
708 1970 1001 2024 Ponticum
1023 1974 1197 2037 20,99.

236 2042 672 2098 absim-hiatum
709 2047 883 2109 2339.
925 2045 1196 2108 30‚55.56.

237 2113 556 2170 absolvere
584 2130 668 2167 se:
708 2129 819 2181 quo
847 2113 1001 2167 facto
1028 2111 1197 2167 facile

273 2185 331 2238 te
397 2185 655 2240 absolves
719 2184 871 2239 omni
936 2184 1200 2239 molestia

238 2255 839 2396 52233332312232·

673 2368 685 2394 ,
764 2370 776 2383 .

235 2397 495 2465 absque=
533 2399 742 2466 absque
779 2395 986 2450 medici
1022 2395 1195 2450 inter-

269 2469 519 2524 cessione
530 2470 647 2538 prf.
660 2474 711 2523 3.
744 2469 958 2536 absque
973 2466 1195 2522 medico

267 2541 345 2594 ib.
376 2544 425 2594 ὅ.
501 2542 712 2608 absque
740 2539 829 2593 his
860 2541 950 2608 (==
972 2540 1194 2607 praeter

267 2611 394 2678 hos)
432 2615 606 2675 28‚64.

231 2681 567 2737 abstersio:
605 2680 780 2736 tantis
818 2680 1035 2736 sudoris
1074 2679 1193 2734 eius

268 2751 713 2808 abstersionibus
740 2750 993 2807 laboravi
1028 2750 1190 2805 Vind.

266 2840 347 2893 ep.
379 2829 428 2879 3.

230 2895 620 2949 acanthinum
655 2894 870 2964 gummi
909 2897 1084 2960 20,19.

229 2968 514 3021 accentus
552 2968 644 3034 (ε-
671 2964 852 3020 morbi
877 2962 1187 3017 incremen-

264 3039 411 3103 tum,
469 3032 670 3106 ἇκμή);
728 3039 787 3090 et
839 3035 897 3088 in
954 3037 1189 3089 accentu

263 3109 458 3178 placat
495 3107 716 3162 dolores
754 3108 813 3161 et
848 3107 909 3160 in
946 3106 1189 3160 declina-

263 3179 418 3234 tione
506 3179 800 3233 confirmat
887 3178 1190 3231 sanitatem

225 3322 535 3391 acciperet
574 3326 678 3377 act.
717 3319 859 3375 bene
898 3320 1191 3375 stomacho

261 3394 616 3448 laborantem
696 3391 936 3460 accipies
1010 3396 1187 3457 20,52.

261 3465 615 3519 stomachum
726 3461 1188 3518 reumatizantem

1354 910 1529 973 20,36.
1630 906 1781 959 male
1841 905 2052 977 accipit
2105 913 2283 977 30,54.

1353 974 1552 1032 alterci
1570 975 1733 1029 radix
1749 977 1893 1032 bene
1913 978 2123 1048 accipit
2144 986 2282 1049 12,1.

1345 1064 1496 1117 pass.
1554 1046 1785 1117 linguae
1819 1047 2013 1104 ulcera
2047 1050 2142 1104 vel
2179 1068 2280 1120 pu-

1353 1119 1510 1173 sulae
1547 1120 1688 1173 bene
1717 1118 2070 1188 accipiuntur
2105 1127 2277 1190 1132.

1353 1187 1685 1244 suavissime
1722 1188 2016 1260 accipietis
2052 1192 2125 1246 ad
2165 1200 2280 1248 sto·

1351 1260 1615 1315 maehum
1680 1260 2043 1317 reficiendum
2099 1269 2278 1331 20,51.

1352 1331 1563 1401 optime
1647 1331 1946 1386 adversum
2020 1334 2273 1389 dolorem

1351 1401 1632 1458 stomachi
1721 1401 2015 1472 accipieris
2098 1410 2275 1473 20,60.

1349 1479 1524 1554 32237·
1603 1473 1814 1543 optime
1853 1474 2188 1544 accipietur,
2228 1476 2278 1531 si

1312 1545 1686 1671 2331&ssss
1713 1549 2035 1685 235⁶13s²jrium
2092 1622 2267 1683 8314.

1346 1685 1468 1741 ach.
1548 1685 1842 1755 collyrium
1919 1687 2275 1744 theodotium

1347 1762 1489 1825 8‚15.
1562 1757 1878 1812 antidotum
1916 1763 2091 1826 20‚92.

1311 1828 1645 1909 aciditates·
1723 1829 1816 1883 vel
1918 1829 2271 1899 corruptelae

1309 1899 1864 2026 agiltlltallb‘llllllllrl2ss’l33:
1882 1987 1963 2041 ep.
1983 1978 2032 2026 2.
2064 1988 2108 2027 c.
2134 1977 2270 2040 11‚4.

1343 2046 1516 2108 27,93.
1547 2045 1722 2110 3055.

1307 2111 1587 2168 acritudo
1639 2109 1766 2166 lotii
1812 2116 1951 2181 8‚23.
2039 2112 2271 2183 lippitu-

1343 2183 1488 2238 dinis
1525 2188 1663 2249 8,43.

1307 2254 1595 2310 acuculae
1633 2255 1798 2324 pinus
1835 2252 2033 2308 viridis
2073 2260 2213 2321 21,6.

1306 2325 1413 2381 ade
1442 2326 1515 2380 ad
1536 2342 1856 2379 mensuram
1878 2324 2071 2394 cyathi
2088 2331 2264 2394 16,st

1341 2403 1425 2451 90.
1512 2398 1733 2465 cotylae
1787 2400 1963 2462 8‚148.
2048 2397 2270 2452 denarii

1339 2472 1513 2533 2o,16.
1562 2473 1737 2534 33,57.
1787 2472 1872 2521 82.
1981 2466 2269 2523 victoriati

1346 2543 1513 2605 17,32.
1589 2540 1660 2591 ad
1699 2538 1991 2606 emplastri
2036 2539 2268 2595 modum

1339 2613 1514 2677 s‚185.
1547 2608 1641 2662 *ad
1670 2610 1849 2663 ceroti
1876 2610 2103 2663 modum
2128 2614 2265 2678 11‚4.

1339 2685 1550 2747 20,114.
1583 2678 1748 2733 fabae
1767 2685 1944 2746 20‚34.
1974 2679 2264 2736 avellanae

1338 2756 1512 2816 2032,
1544 2755 1718 2818 25,38.
1741 2755 1916 2818 26,31.
1954 2750 2028 2804 ad
2047 2752 2262 2820 magni-

1335 2821 1589 2877 tudinem
1600 2819 1859 2875 cicerculi
1871 2826 2083 2887 20,108.
2099 2822 2262 2878 fabae

1341 2898 1511 2960 17‚13.
1550 2891 1706 2945 nucis
1732 2891 2016 2962 iuglandis
2047 2898 2260 2960 20,138.

1333 2964 1623 3020 avellanae
1644 2970 1785 3032 24‚3.
1823 2963 2019 3018 ciceris
2049 2968 2262 3032 20,139.

1334 3036 1642 3105 digitorum
1726 3037 1993 3103 quattuor
2081 3041 2258 3104 30‚25.

1334 3104 1554 3176 pastilli
1598 3106 1671 3159 ad
1710 3107 1970 3161 denarios
2008 3105 2258 3175 singulos

1339 3182 1510 3245 1735.
1583 3178 1905 3234 vettonicae
1962 3194 2126 3232 sucus
2184 3179 2259 3233 ad

1340 3249 1612 3318 scripulos
1670 3249 1809 3305 duos
1870 3254 2040 3315 18,st
2125 3267 2258 3319 pen-

1338 3321 1488 3375 sabis
1537 3321 1611 3374 ad
1655 3319 1842 3389 pondo
1888 3318 1999 3373 tria
2046 3326 2256 3388 20,126.

1335 3392 1408 3445 ad
1474 3408 1642 3458 supra
1702 3390 1968 3459 scriptum
2035 3391 2256 3460 pondus

1333 3467 1508 3530 35,12.

262 3535 478 3590 mansio
534 3533 726 3588 lucida
778 3534 921 3589 bene
978 3531 1187 3602 accipit
1295 3533 1578 3589 adamans
1615 3531 1762 3601 lapis
1798 3531 2042 3588 invictus
2081 3536 2254 3600 26,95.

1824 3620 1934 3674 25*
