2575 4092
1134 226 1572 292 ...68-

225 403 295 453 44
331 389 725 452 acritudinem
767 388 1140 469 lippitudinis
1179 387 1367 450 lenies
1404 406 1792 468 umoremque
1834 390 2104 450 siccabis.
2171 388 2365 450 Cheli-

224 758 292 807 45

225 1202 295 1251 46

227 1378 294 1428 47

227 1466 298 1517 48

227 1736 295 1784 49

235 2976 303 3027 50

330 479 505 540 donia
551 478 735 540 herba
783 480 846 540 in
882 477 1271 541 hirundinum
1322 486 1587 539 stercore
1634 480 1928 560 nascitur,
1977 497 2125 557 quae
2175 478 2365 540 oculis

328 567 654 648 plurimum
714 568 1097 648 suffragatur,
1158 568 1411 628 maxime
1468 574 1666 628 autem
1719 566 2029 645 caliginem
2077 567 2365 648 deterget,

330 660 380 718 si
426 656 710 737 paulatim
747 655 885 718 inde
923 654 1084 717 oculi
1120 655 1558 737 suffundantur,
1606 673 1756 735 quos
1795 658 1914 718 cito
1952 659 2014 716 in
2051 657 2367 735 pristinam

329 745 579 806 formam
636 754 912 807 revocato
967 747 1169 824 vigore
1225 744 1544 824 reparabit.
1634 744 1988 806 Hirundinis
2035 744 2363 807 ventriculo
2394 763 2423 803 5

331 836 521 896 scisso
580 834 698 895 albi
753 853 822 896 ac
876 836 1035 913 nigri
1089 833 1364 913 lapisculi
1418 835 1828 917 inveniuntur,
1893 836 1999 913 qui
2055 835 2107 894 si
2159 833 2366 914 lupino

332 941 513 986 aureo
560 922 944 986 includantur
990 931 1051 984 et
1098 922 1248 983 collo
1298 921 1767 1003 suspendantur,
1814 941 2049 984 omnem
2097 921 2367 984 dolorem

332 1012 644 1073 oculorum
690 1020 983 1092 perpetuo
1030 1020 1324 1093 avertent3
1374 1010 1478 1073 sed
1527 1021 1587 1073 et
1632 1021 1840 1073 contra
1879 1022 2195 1091 quartanas
2231 1030 2368 1092 pro-

331 1109 474 1162 sunt
530 1119 741 1162 croceo
799 1099 983 1161 linteo
1045 1099 1135 1160 vel
1191 1119 1386 1179 panno
1443 1100 1695 1162 involuti
1741 1101 1980 1181 linoque
2027 1101 2098 1161 ad
2147 1099 2369 1161 collum

332 1189 612 1250 validiore
661 1191 957 1269 suspensi.
1031 1188 1161 1269 Mel,
1209 1191 1270 1249 in
1319 1207 1437 1269 quo
1485 1207 1627 1269 apes
1665 1189 1889 1252 fuerint
1925 1199 2210 1270 mortuae,
2252 1193 2369 1250 uti·
2398 1207 2461 1247 ιο

332 1278 626 1339 lissimum
682 1286 774 1339 est
829 1277 1046 1360 oculis,
1103 1280 1154 1339 si
1207 1278 1464 1339 nitidum
1520 1297 1588 1339 ac
1644 1297 1863 1357 purum
1918 1287 2248 1359 opportune
2308 1287 2371 1340 et

333 1366 617 1446 paulatim
664 1366 1030 1428 infundatur.
1105 1365 1222 1437 Qui
1268 1368 1546 1428 ciconeae
1588 1366 1819 1447 pullum
1857 1367 2138 1429 elixatum
2174 1386 2371 1429 come-

335 1455 508 1536 derit,
551 1465 805 1536 negatur
840 1455 1043 1517 multis
1081 1457 1252 1517 annis
1291 1458 1592 1518 continuis
1629 1475 1805 1537 posse
1843 1456 2076 1537 lippire.
2149 1456 2370 1517 Hirun-

334 1544 540 1607 diuum
578 1545 730 1625 pulli
765 1544 937 1624 plena
973 1546 1113 1607 luna
1152 1554 1546 1606 excaecantur
1580 1547 1975 1625 restitutaque
2004 1563 2211 1606 eorum
2241 1549 2371 1607 acie

335 1636 525 1713 capita
574 1634 1017 1696 conburuntur:
1065 1635 1280 1696 horum
1319 1636 1521 1694 cinere
1568 1652 1704 1695 cum
1751 1634 1925 1696 melle
1971 1637 2155 1696 mixto
2201 1644 2369 1697 recte
2401 1651 2461 1692 1⁶

337 1742 483 1786 usus
532 1725 716 1785 fueris
763 1725 836 1786 ad
878 1723 1265 1805 reparandam
1306 1722 1615 1784 oculorum
1653 1722 2087 1785 claritudinem.
2160 1723 2371 1785 Lacer-
2420 1754 2424 1758 ·

335 1819 455 1874 tam
500 1812 750 1875 viridem
802 1821 1174 1875 excaecatam
1221 1831 1331 1874 acu
1379 1830 1600 1891 cuprea
1638 1813 1700 1872 in
1738 1831 1839 1873 vas
1878 1814 2130 1874 vitreum
2168 1815 2375 1874 mittes

335 1920 472 1962 cum
509 1901 703 1963 anulis
741 1904 958 1983 aureiS,
996 1903 1312 1982 argenteis,
1351 1899 1565 1962 ferreis
1602 1909 1663 1961 et
1691 1900 2012 1982 electriniS,
2051 1903 2104 1962 si
2130 1901 2373 1984 fuerint,

335 1998 438 2051 aut
494 1992 669 2051 etiam
728 1993 994 2071 cupreiS,
1049 1989 1263 2050 deinde
1325 2008 1424 2051 vas
1481 1989 1759 2070 gypsabis
1805 1998 1908 2052 aut
1954 1989 2194 2052 claudes
2241 1990 2372 2052 dili—

335 2087 546 2157 genter
591 2086 769 2158 atque
818 2077 1081 2157 signabis
1127 2087 1186 2139 et
1232 2086 1368 2157 post
1412 2081 1686 2158 quintum
1724 2079 1816 2139 vel
1855 2081 2173 2159 septimum
2212 2079 2373 2141 diem
2402 2093 2463 2132 20

336 2168 595 2247 aperieS,
650 2166 931 2228 lacertam
988 2169 1148 2227 sanis
1202 2166 1528 2229 luminibus
1583 2170 1876 2249 invenieS,
1937 2186 2116 2248 quam
2179 2170 2372 2230 vivam

337 2256 619 2337 dimitteS,
659 2254 851 2316 anulis
889 2263 1097 2316 contra
1125 2254 1542 2335 lippitudinem
1570 2259 1649 2317 ita
1681 2260 1886 2339 uteriS,
1924 2266 1990 2318 ut
2028 2276 2146 2318 non
2177 2256 2372 2319 solum

338 2343 524 2422 digito
571 2351 898 2425 gestentur,
944 2343 1047 2405 sed
1095 2348 1273 2405 etiam
1314 2346 1501 2406 oculis
1541 2345 1814 2408 crebrius
1851 2345 2241 2427 adplicentur,
2287 2350 2372 2408 ita

337 2440 405 2494 ut
459 2451 568 2513 per
623 2433 890 2494 foramen
944 2433 1106 2494 anuli
1161 2435 1326 2495 visus
1371 2437 1828 2496 transmittatur.
1919 2434 2371 2497 Observandum

338 2540 479 2583 sane
526 2524 827 2604 inprimiS,
873 2531 942 2584 ut
996 2524 1058 2583 in
1104 2521 1237 2583 loco
1283 2523 1472 2583 nitido
1520 2531 1698 2603 atque
1738 2522 1991 2585 herbido
2038 2524 2374 2602 deponatur
2405 2538 2464 2577 2⁵

340 2610 621 2691 ampulla,
678 2618 739 2671 et
793 2630 930 2673 cum
980 2610 1201 2673 lacerta
1246 2612 1551 2693 discessit,
1606 2620 1736 2673 tum
1783 2612 1943 2674 anuli
1989 2612 2373 2695 colligantur3

340 2697 774 2761 observandum
831 2702 1036 2780 etiam,
1092 2708 1160 2761 ut
1213 2699 1352 2761 luna
1401 2708 1625 2782 vetere,
1682 2700 1740 2762 id
1804 2710 1897 2762 est
1952 2720 1983 2761 a
2030 2701 2167 2762 luna
2216 2721 2375 2764 nona

339 2787 569 2849 decima
613 2790 676 2849 in
710 2791 1092 2851 vicensimam
1131 2791 1417 2872 quintam,
1463 2790 1557 2851 die
1596 2790 1750 2850 lovis
1790 2789 2129 2870 Septembri
2165 2810 2374 2852 mense

340 2878 609 2956 capiatur
663 2877 883 2940 lacerta
938 2887 1115 2959 atque
1170 2880 1252 2939 ita
1300 2879 1627 2940 remedium
1675 2879 1802 2960 fiat,
1860 2879 1965 2940 sed
2012 2878 2086 2940 ab
2131 2880 2374 2941 homine

339 2968 592 3027 maxime
649 2985 803 3046 puro
857 2975 1035 3048 atque
1092 2975 1273 3029 casto.
1366 2967 1601 3028 Lacerti
1655 2967 1861 3029 viridis
1907 2987 2084 3048 quem
2138 2971 2374 3049 ceperis
2406 2985 2467 3025 so

341 3055 437 3115 die
493 3054 647 3116 Iovis
712 3056 851 3118 luna
915 3064 1115 3118 vetere
1180 3074 1385 3117 mense
1445 3055 1781 3136 Septembri
1836 3067 1938 3118 aut
1992 3059 2167 3120 etiam
2226 3078 2372 3138 quo-

340 3161 598 3223 cumque
645 3144 759 3206 alio
805 3144 1011 3207 oculos
1057 3162 1233 3205 erues
1280 3162 1393 3206 acu
1439 3164 1658 3225 cuprea
1706 3155 1766 3207 et
1811 3147 1969 3207 intra
2014 3146 2232 3210 bullam
2281 3147 2379 3209 vel

340 3231 611 3312 lupinum
660 3252 906 3296 aureum
953 3233 1195 3295 claudes
1239 3232 1512 3314 colloque
1560 3234 1916 3314 suspendes:
1976 3235 2136 3314 quod
2183 3255 2376 3297 reme-

342 3320 504 3383 dium
546 3322 826 3402 quamdiu
863 3331 1063 3385 tecum
1104 3321 1404 3404 habueriS,
1442 3322 1646 3385 oculos
1684 3342 1802 3384 non
1840 3323 2086 3408 dolebis.
2159 3325 2378 3387 Lacer-

488 3463 515 3511 1
557 3457 835 3513 celidonia.
960 3464 991 3512 2
1030 3460 1406 3514 herundinum
1440 3460 1546 3525 (sic
1578 3462 1840 3528 saepius).
1975 3467 2039 3515 11
2080 3461 2383 3531 oportune.

346 3532 413 3582 16
451 3527 711 3583 cinerem.
814 3535 880 3584 16
909 3535 1039 3599 post
1067 3530 1461 3585 claritudinem
1491 3531 1619 3587 add.
1650 3531 1972 3588 sedandam.
2077 3536 2144 3587 18
2171 3532 2382 3588 anolis.

335 3603 411 3655 ,19
451 3599 730 3670 oypsabis.
876 3606 944 3656 25
982 3600 1326 3673 deponatur]
1362 3600 1715 3657 defundatur.
