2575 4092
1157 232 1597 298 „30—

368 415 434 457 ac
493 403 696 474 postea
751 396 815 455 in
870 393 1044 455 ollam
1090 394 1332 456 fictilem
1380 412 1590 455 novam
1650 395 2030 455 coniciuntur
2080 412 2217 455 cum
2263 397 2404 473 ipso·

369 494 564 565 aceto,
612 502 788 563 quam
836 483 987 544 bene
1032 493 1300 563 opertam
1348 487 1410 544 in
1448 485 1666 563 equino
1706 491 1972 545 stercore
2009 482 2185 545 obrui
2222 502 2392 563 opor-

369 581 454 634 tet
502 583 677 652 atque
723 572 844 633 illic
892 571 1097 633 haberi
1144 591 1252 652 per
1301 573 1426 634 dies
1464 571 1594 653 XL3
1641 581 1843 653 postea
1886 572 2032 634 baec
2079 575 2392 652 permixtio

368 664 431 723 in
487 662 611 723 sole
666 663 901 722 arefieri
956 661 1134 723 debet
1198 680 1265 722 ac
1322 660 1537 722 deinde
1596 663 1709 723 teri
1765 668 1851 732 et,
1884 667 2013 722 tum
2069 679 2221 740 aqua
2266 661 2391 741 plu·

369 750 504 812 viali
562 750 801 831 collyria
860 752 1103 812 formari
1149 751 1451 831 convenit,
1509 750 1582 810 de
1630 749 1850 829 quibus
1896 757 1957 811 et
2003 752 2208 831 inungi
2256 769 2394 812 ocu·
2421 769 2454 811 5

368 840 458 900 los
466 886 484 921 ,
541 847 609 900 ut
655 858 836 919 supra
883 841 1172 919 scriptum
1222 849 1341 922 est,
1388 842 1584 900 causis
1631 838 1910 917 gravibus
1956 837 2290 900 laborantes
2335 847 2397 900 et

265 945 367 996 126
383 928 674 1009 superlini
719 931 1009 1010 optimum
1056 936 1165 990 est.
1250 929 1337 989 Ad
1386 927 1697 990 oculorum
1743 946 1977 989 omnem
2026 927 2288 988 dolorem
2337 937 2398 989 et

369 1025 743 1098 praesentem
800 1025 859 1078 et
915 1026 1175 1078 veterem
1231 1025 1293 1077 et
1348 1017 1420 1078 ad
1477 1016 1787 1095 caliginem
1835 1025 2013 1096 atque
2060 1016 2397 1096 albuginem

370 1116 431 1168 et
484 1109 783 1186 pruritum
841 1115 1020 1186 atque
1076 1108 1409 1187 antiquam,
1467 1115 1533 1167 ut
1577 1108 1656 1166 ita
1705 1107 1981 1186 dixerim,
2035 1108 2394 1167 caecitatem,

347 1195 517 1278 ,Nam
564 1205 631 1255 ut
678 1188 908 1257 auc‘tori
952 1195 1131 1256 huius
1178 1195 1430 1256 remedii
1484 1195 1557 1255 de
1615 1196 2018 1274 experimento
2066 1195 2395 1273 credamus,
2429 1214 2487 1253 10

372 1283 685 1344 duodecim
741 1301 1033 1345 annorum
1090 1302 1266 1345 caeco
1324 1285 1480 1345 intra
1535 1284 1662 1345 dies
1718 1285 1929 1363 viginti
1975 1285 2165 1344 visum
2221 1286 2392 1344 resti-

370 1374 559 1433 tuisse
616 1391 680 1433 se
735 1373 896 1434 dicit.
989 1372 1223 1444 Quanto
1280 1381 1477 1433 autem
1534 1375 1834 1434 recentior
1881 1373 2153 1434 valetudo
2216 1372 2397 1434 fuerit

371 1461 702 1542 oculorum,
746 1469 911 1522 tanto
958 1460 1221 1523 velocius
1269 1461 1580 1523 curabitur
1625 1462 2015 1523 medicamine
2065 1461 2184 1522 tali.
2266 1461 2395 1523 Col-

369 1549 514 1630 lyria
554 1549 727 1611 multi
761 1553 1021 1633 generiS,
1067 1550 1125 1612 id
1167 1559 1260 1612 est
1296 1550 1388 1612 vel
1426 1550 1631 1611 decem
1669 1551 2128 1632 confectionum,
2167 1549 2399 1629 aequali

369 1639 460 1700 vel
508 1657 759 1700 numero
797 1638 888 1701 vel
924 1640 1189 1720 pondere
1233 1638 1515 1702 infundes
1552 1641 1615 1700 in
1661 1639 1873 1701 lotium
1920 1641 2093 1718 pueri
2150 1641 2397 1718 virginis
2431 1658 2485 1698 15

371 1737 430 1788 et
476 1728 546 1789 ad
595 1731 799 1789 uncias
848 1728 1112 1808 singulas
1159 1728 1558 1809 collyriorum,
1599 1747 1748 1807 quae
1795 1728 2106 1809 infuderiS,
2153 1735 2400 1807 septena

370 1834 550 1896 grana
606 1819 833 1896 piperis
889 1819 950 1878 in
1007 1821 1291 1879 mortario
1346 1817 1534 1879 nitido
1591 1816 2041 1897 diligentissime
2092 1824 2280 1897 tereS,
2333 1826 2400 1878 ut

368 1906 675 1985 pulverem
734 1905 1185 1967 subtilissimum
1248 1907 1428 1967 facias
1491 1914 1551 1966 et
1608 1923 1743 1967 cum
1803 1905 1994 1967 mellis
2041 1907 2251 1984 optimi
2297 1906 2397 1967 de-

371 1997 630 2073 spumati
683 1994 1054 2056 coclearibus
1109 1994 1306 2056 tribus
1361 1994 1639 2056 miscebis
1697 2003 1757 2055 et
1811 1997 2029 2056 iterum
2078 1994 2399 2074 diligenter

370 2092 557 2163 teres3
595 2091 800 2161 postea
840 2083 1015 2144 simul
1054 2084 1385 2145 confundes
1425 2085 1640 2165 omnia,
1678 2084 1737 2144 id
1767 2092 1859 2144 est
1888 2083 2148 2165 collyria,
2185 2083 2400 2145 lotium
2430 2100 2485 2140 ao

371 2180 430 2231 et
476 2172 648 2250 piper
694 2172 838 2232 illud
886 2190 1024 2232 cum
1070 2170 1243 2233 melle
1291 2181 1352 2234 et
1397 2172 1997 2238 iterum.diutissime
2044 2191 2112 2234 ac
2151 2172 2401 2251 diligen-

371 2262 597 2319 tissime
645 2268 806 2321 teres
852 2260 1288 2340 collectumque
1331 2261 1518 2323 nitide
1564 2264 1627 2322 in
1677 2262 1892 2342 pyxide
1931 2279 2150 2341 cuprea
2189 2280 2401 2324 recon-

369 2349 475 2409 des
522 2355 699 2428 atque
745 2369 818 2410 ex
865 2367 935 2410 eo
983 2348 1310 2430 quemlibet
1356 2350 1666 2411 oculorum
1714 2352 2049 2412 causarium
2097 2352 2289 2430 intuS,
2340 2351 2405 2413 id

370 2447 461 2498 est
506 2439 663 2498 intra
710 2438 933 2519 oculoS,
970 2440 1240 2517 inunges,
1311 2438 1480 2510 Quod
1521 2442 1574 2500 si
1611 2457 1718 2519 per
1756 2448 1990 2520 tempus
2028 2438 2403 2502 medicamen

369 2529 686 2606 spissatum
743 2527 950 2609 fuerit,
1013 2528 1223 2589 lotium
1287 2529 1519 2607 puerile
1583 2529 1825 2589 infantis
1890 2538 2179 2609 quantum
2243 2548 2402 2607 opus
2430 2544 2481 2586 25

370 2615 569 2696 fuerit,
616 2623 683 2677 ut
727 2633 892 2677 more
941 2616 1171 2696 collyrii
1216 2616 1508 2696 liquidum
1556 2618 1672 2698 fiat,
1718 2617 1997 2679 infundes
2043 2625 2103 2678 et
2150 2619 2237 2678 sic
2282 2618 2403 2680 sub

371 2703 506 2764 cilio
554 2711 615 2764 et
660 2705 987 2786 palpebriS,
1032 2706 1091 2766 id
1141 2714 1231 2766 est
1277 2707 1434 2766 intra
1481 2705 1703 2788 oculoS,
1755 2707 1913 2767 sicut
1958 2705 2236 2787 diximuS,
2284 2706 2401 2767 sol·

369 2791 530 2853 licite
576 2794 846 2873 inunges,
931 2794 1057 2855 Hoc
1102 2794 1494 2856 medicamine
1540 2794 1744 2857 multis
1791 2797 2215 2875 experimentis
2262 2814 2401 2874 pro-

370 2881 506 2942 bato
555 2890 785 2944 constat
831 2883 978 2945 nihil
1026 2901 1158 2945 esse
1205 2886 1632 2964 praestantius,
1689 2885 1741 2944 si
1789 2885 1923 2963 quis
1969 2903 2040 2944 eo
2088 2891 2290 2945 castus
2339 2891 2403 2946 et

265 2982 567 3049 127purus
614 2979 834 3033 utatur.
906 2971 1272 3033 Medicamen
1320 2972 1696 3034 barbaricum
1734 2973 1806 3033 ad
1845 2975 2039 3033 omnis
2076 2972 2394 3034 oculorum
2431 2988 2483 3029 ao

370 3076 579 3119 causas
619 3061 707 3122 vel
745 3063 1023 3142 impetus,
1070 3063 1192 3122 sive
1230 3064 1351 3123 sint
1387 3061 1582 3123 scabri
1623 3069 1683 3123 et
1719 3060 2018 3123 lacrimosi
2055 3064 2177 3122 sive
2217 3064 2405 3123 etiam

369 3149 725 3209 vermiculos
771 3149 1027 3212 habeant
1071 3158 1173 3211 aut
1220 3150 1541 3232 brigantes,
1589 3151 1694 3230 qui
1743 3150 1876 3211 cilia
1923 3169 2090 3211 arare
2134 3159 2195 3212 et
2232 3150 2403 3212 exul-

370 3254 574 3297 cerare
622 3237 831 3300 solent.
904 3238 972 3300 In
1019 3238 1190 3300 ollam
1237 3238 1451 3300 rudem
1499 3241 1700 3300 mittes
1747 3247 1872 3301 tres
1911 3241 2205 3300 sextarios
2243 3241 2406 3301 aceti

369 3327 648 3387 acerrimi
703 3335 762 3387 et
819 3328 1080 3409 ferrum,
1146 3327 1207 3389 id
1272 3337 1366 3390 est
1429 3328 1624 3390 clavos
1686 3336 1916 3390 veteres
1974 3329 2240 3392 minutos
2309 3327 2408 3389 vel

370 3413 480 3476 alia
541 3416 846 3477 minutalia
901 3418 1047 3478 ferri
1103 3424 1359 3498 vetusta,
1414 3425 1476 3479 et
1531 3416 1770 3479 claudes
1831 3417 2004 3478 ollam
2061 3416 2409 3498 diligenter,
2439 3431 2491 3473 85

369 3503 718 3582 operculum
777 3507 1040 3567 tenuiter
1093 3506 1420 3585 pertundes
1477 3514 1537 3568 et
1592 3508 1653 3567 in
1710 3504 1811 3567 illo
1867 3507 2154 3567 foramine
2210 3525 2413 3586 pones

370 3600 470 3652 aut
518 3612 764 3655 cannam
811 3602 913 3656 aut
959 3594 1306 3657 sambucum
1349 3596 1725 3676 perforatam,
1765 3595 1923 3656 unde
1959 3594 2176 3657 habeat
2213 3597 2413 3678 spira·
