2575 4092
1109 231 1422 297 —384
1518 267 1593 277 ·—-

427 393 597 477 Irim,
644 405 980 457 castoreum
1029 395 1402 475 scillamque,
1447 396 1678 475 opium,
1723 412 2071 474 panaceam,

428 483 735 565 Resinam,
780 484 1070 565 lepidum,
1117 484 1485 563 euforbium,
1530 486 1618 562 git
1663 491 1840 564 atque
1887 482 2273 564 pyrethrum,

429 572 706 652 Zingiber
754 580 815 633 et
859 572 1143 655 calidum,
1188 573 1434 634 mordax
1479 575 1653 652 piper
1699 582 1760 633 et
1803 571 1960 633 laser
2004 570 2210 649 algens

424 661 882 742 Agaricumque‘
908 680 1265 741 asarumque
1311 669 1553 743 potenS,
1599 660 1795 741 aloen,
1843 662 2172 742 aconitum,
2402 675 2454 717 55

426 749 707 831 Galbana,
756 750 1162 831 sandaracam,
1207 768 1575 830 samsucum,
1620 752 1950 830 psoricum,
1995 748 2265 827 alumen,

424 838 695 899 Acaciam
743 839 1157 919 propolimque
1205 848 1267 901 et
1312 840 1594 919 adarcen,
1640 856 1894 919 cnecon,
1941 837 2267 899 acanthum

424 926 823 988 Andracbnen
868 945 1207 1008 acoronque
1254 945 1595 1007 opopanaca
1639 925 2215 1007 pompholygemque

424 1014 720 1094 Cyperum
765 1016 1040 1077 ladanum
1088 1035 1543 1096 sagapenonque
1590 1024 1652 1076 et
1695 1014 2175 1094 tragacanthum,

426 1103 822 1186 Scamoniam,
868 1105 1072 1185 cyphi,
1116 1104 1525 1166 malabathron
1573 1101 1720 1185 (ει)
1768 1105 2198 1164 ammoniacon.
2400 1120 2452 1159 co

423 1192 690 1273 Denique
737 1196 1044 1274 repperies
1090 1195 1251 1271 istic,
1301 1194 1458 1274 quod
1506 1193 1657 1255 lucis
1704 1195 1766 1254 in
1813 1200 1950 1253 ortu

422 1279 633 1362 ludus,
677 1281 893 1361 ArabS,
943 1282 1148 1363 SereS,
1193 1281 1410 1343 Perses
1456 1284 1738 1362 divesque
1786 1281 2047 1342 Sabaeus

421 1368 629 1429 Vicino
677 1369 789 1430 sub
837 1370 961 1431 sole
1007 1370 1240 1451 legunt,
1288 1371 1447 1450 quod
1495 1370 1743 1449 praebet
1789 1369 2073 1450 Orontes,

422 1456 722 1519 Eximium
768 1461 971 1538 ignoto
1021 1462 1203 1521 mittit
1248 1459 1409 1540 quod
1454 1459 1626 1520 Nilus
1673 1459 1746 1520 ab
1794 1468 1957 1539 ortu,

421 1546 785 1627 Decerptum
831 1547 988 1609 foliis
997 1596 1015 1629 ,
1060 1566 1253 1628 ramo,
1301 1556 1466 1629 cute,
1513 1550 1764 1628 cortice,
1811 1549 1999 1626 virga,
2394 1561 2444 1601 6⁵

422 1634 716 1716 Quodque
762 1636 836 1697 ab
882 1636 1176 1698 idumaeis
1222 1645 1458 1698 vectum
1506 1636 1755 1716 seplasia
1803 1635 2068 1696 vendunt

419 1721 497 1783 Et
542 1725 827 1804 quicquid
876 1726 1109 1787 confert
1154 1726 1401 1786 medicis
1448 1724 1674 1805 Lagaea
1720 1723 2000 1803 cataplus.

418 1810 577 1872 Haec
625 1815 987 1895 quicumque
1033 1813 1223 1892 leges,
1268 1816 1498 1893 poteris
1543 1814 1887 1876 discernere
1932 1820 2163 1895 tecum,

418 1900 805 1979 Agnoscenda
854 1905 1038 1981 magis
1085 1906 1207 1963 sive
1254 1902 1587 1964 exercenda
1635 1905 1840 1964 rearis.

419 1988 685 2068 Quisque
732 1998 930 2052 tamen
972 2001 1247 2053 nostrum
1283 1991 1399 2052 hoc
1437 1992 1700 2053 studium
1740 1990 2088 2072 dignabere,
2138 2008 2360 2071 quaeso
2389 2004 2438 2043 ⁷0

417 2076 693 2140 Praestos
737 2080 1027 2141 iudicium
1071 2098 1291 2159 purum
1339 2088 1718 2159 mentemque
1762 2080 2096 2157 benignam.

420 2165 517 2227 Sic
565 2175 668 2227 tua
712 2179 1004 2248 perpetuo
1051 2177 1406 2248 vegetentur
1449 2169 1715 2230 membra
1762 2172 1963 2247 vigore

416 2253 493 2315 Et
538 2273 787 2334 peragas
835 2256 1123 2335 placidam
1169 2276 1279 2336 per
1326 2257 1507 2318 multa
1555 2258 1840 2319 decennia
1889 2259 2083 2316 vitam.

419 2342 519 2403 Sic
565 2361 686 2403 non
731 2347 972 2405 incuses
1019 2344 1268 2406 validam
1316 2346 1726 2426 placidamque
1774 2352 2073 2406 senectam

415 2430 538 2491 Nec
585 2430 694 2492 tibi
742 2435 819 2494 sit
864 2434 1113 2494 medicis
1158 2452 1311 2512 opus
1358 2452 1636 2513 umquam
1683 2453 1795 2496 nec
1841 2433 1952 2495 tibi
1997 2451 2173 2494 casus
2384 2448 2432 2487 ⁷⁵

413 2519 533 2580 Aut
580 2520 823 2583 morbus
869 2524 1104 2601 pariant
1148 2522 1336 2583 ullum
1385 2523 1739 2603 quandoque
1787 2522 2077 2604 dolorem,

417 2607 533 2669 Sed
580 2610 792 2688 procul
838 2629 871 2672 a
918 2613 1082 2673 curis
1128 2620 1188 2673 et
1235 2630 1380 2672 sano
1427 2630 1679 2690 corpore
1725 2615 1911 2693 vivas,

416 2697 692 2778 Quotque
724 2699 837 2770 vhic
886 2708 1027 2761 sunt
1073 2718 1310 2780 versuS,
1356 2709 1446 2761 tot
1492 2708 1669 2778 agant
1712 2710 1813 2762 tua
1854 2709 2125 2779 tempora
2163 2698 2352 2760 Ianos,

504 2873 572 2923 53
610 2869 886 2942 lepidum]
924 2871 975 2926 si
1013 2871 1168 2926 lectio
1210 2876 1287 2926 est
1322 2871 1557 2940 intem-a,
1592 2869 1866 2940 lepidium
1903 2870 2082 2926 dicere
2116 2872 2351 2926 videtur.

324 2940 674 3009 euphorbum
716 2940 1126 2997 Gora-staminas.
1245 2958 1254 2965 ·
1329 2945 1398 2994 59
1437 2941 1783 3010 sagapenion
1822 2942 1881 2996 et
1915 2943 2351 3012 tragacantham

322 3010 500 3066 Riese.
718 3017 786 3065 60
824 3012 991 3082 cyphi
1038 3013 1238 3082 scripsi
1247 3034 1264 3067 .·
1314 3028 1492 3081 cypen
1541 3012 1860 3068 Comarius.
2039 3010 2186 3085 (et)
2224 3014 2348 3068 add.

323 3080 647 3137 Salmasius,
821 3088 887 3136 62
927 3084 1111 3138 Persis
1154 3082 1472 3138 Carnarius,
1647 3088 1714 3138 67
1752 3082 1977 3153 Lagaea
2014 3082 2350 3140 Salmasius.-

320 3153 548 3222 lalagea
587 3152 904 3209 Gornariua
1056 3158 1125 3209 74
1160 3153 1542 3224 placitamque
1584 3153 1901 3210 Gomarius.
