2575 4092
1052 266 1487 330 ...31-

249 435 534 490 teruntur
582 435 645 488 et
682 428 917 488 taurino
955 427 1168 506 glutini
1206 431 1696 490 commiscentur:
1742 437 1942 491 cetera
1977 429 2051 490 ad
2083 432 2280 510 ignem

248 517 561 598 liquidata,
587 516 729 578 dum
759 515 969 597 calent,
998 534 1180 597 supra
1209 519 1451 597 scriptis
1478 517 1897 580 admiscentur.
1943 517 2107 589 Quae
2127 518 2279 581 bene

251 607 500 669 subacta
544 623 724 667 manu
771 616 1173 687 reponuntur3
1229 624 1368 668 cum
1414 626 1563 687 opus
1609 607 1818 688 fuerit,
1862 607 2097 687 pondus
2141 609 2280 670 inde

251 696 486 757 denarii
512 696 773 756 sumitur
802 703 861 755 et
889 694 1146 756 &lutum
1172 703 1342 757 aceto
1371 705 1548 776 atque
1573 714 1707 757 rosa
1728 698 1908 776 capiti
1927 695 2280 779 infunditur,

193 803 222 845 5
252 785 358 847 sed
398 783 617 845 melius
650 783 793 844 facit
827 783 942 845 hoc
980 784 1477 847 medicamentum
1515 784 1759 847 linteolo
1794 785 2110 847 inductum
2144 804 2278 847 raso

251 875 441 953 capiti
479 874 823 951 inpositum.
893 872 981 934 Ad
1024 875 1237 953 capitis
1281 874 1548 935 dolorem
1593 877 1724 936 sine
1760 873 1914 936 febri
1950 873 2102 935 bene
2139 875 2281 936 facit
2316 883 2386 934 27

251 963 328 1024 de
374 963 788 1041 experimento
829 964 1041 1040 capitis
1088 965 1346 1045 curatio,
1394 982 1581 1043 aquae
1628 965 1884 1045 potatio,
1936 962 2057 1024 cibi
2100 963 2279 1025 absti-

249 1052 485 1130 nentia,
534 1052 761 1112 ventris
817 1050 1064 1132 soluti03
1119 1052 1223 1113 sed
1279 1060 1410 1114 tum
1464 1054 1643 1115 etiam
1696 1070 1832 1113 rosa
1887 1059 2066 1131 atque
2111 1060 2279 1114 aceto

250 1139 587 1203 curandum
630 1146 824 1219 caput.
899 1139 1152 1201 Prodest
1197 1143 1375 1202 etiam
1412 1144 1689 1222 pituitam
1724 1140 2037 1203 detrahere
2075 1142 2280 1221 senapi

69 1250 76 1259 ·
163 1249 221 1291 10
251 1236 359 1291 aut
429 1228 653 1309 hysopo
720 1246 792 1288 ex
856 1246 1033 1307 passo
1094 1229 1371 1311 decocto,
1428 1232 1573 1292 item
1629 1229 1849 1292 herbae
1904 1229 2279 1310 peduclariae

251 1319 508 1398 semine,
565 1335 741 1396 quam
798 1317 1010 1379 Graeci
1065 1318 1336 1398 staphida
1391 1322 1594 1400 agrian
1650 1327 1886 1399 vocant,
1941 1320 2085 1380 trito
2142 1335 2279 1379 cum

248 1409 460 1488 pipere
524 1414 585 1467 et
645 1405 818 1467 melle
883 1406 1019 1468 oleo
1079 1406 1340 1469 admixto
1407 1417 1510 1470 aut
1562 1411 1752 1489 ipsius
1807 1406 2030 1469 herbae
2095 1407 2277 1487 pedu-

250 1497 430 1558 claris
477 1498 707 1557 semine
749 1513 861 1575 per
906 1514 971 1556 se
1024 1495 1194 1558 melle
1250 1497 1530 1561 admixto.
1629 1498 2023 1559 Permanente
2079 1504 2280 1558 autem
2315 1497 2385 1548 28

250 1585 489 1646 diutino
532 1586 746 1665 capitis
789 1584 994 1645 dolore
1041 1595 1296 1665 prosunt
1342 1588 1399 1647 ei
1443 1585 1788 1648 huiusmodi
1831 1587 2278 1666 perunctiones:

163 1693 222 1737 ιε
249 1673 409 1735 Ruta
456 1692 593 1735 cum
639 1681 809 1734 aceto
853 1681 914 1735 et
959 1673 1088 1736 oleo
1136 1674 1438 1755 calefacto,
1483 1675 1655 1736 iridis
1700 1673 1867 1735 radix
1914 1691 2053 1735 cum
2094 1681 2280 1754 aceto,

251 1763 455 1824 salicis
506 1761 644 1823 folia
699 1765 840 1823 trita
896 1781 969 1823 ex
1025 1781 1205 1846 aqua,
1259 1763 1591 1842 serpullum
1645 1764 1856 1824 tritum
1911 1769 1973 1823 et
2027 1763 2278 1824 inferve-

249 1853 477 1913 factum
523 1870 659 1912 cum
708 1851 837 1912 oleo
876 1860 937 1913 et
973 1861 1167 1932 aceto,
1226 1851 1605 1934 milefolium‚
1652 1851 1813 1931 quod
1860 1849 2069 1912 Graeci
2115 1849 2281 1931 poly-

250 1959 450 2020 gonon
497 1939 821 2020 appellant,
877 1959 1013 2002 cum
1060 1950 1196 2002 ruta
1242 1944 1451 2003 tritum
1498 1941 1757 2003 admixto
1813 1946 1982 2001 aceto
2034 1946 2094 2001 et
2130 1938 2280 2019 oleo,

251 2048 445 2091 nuces
497 2047 730 2090 amarae
783 2037 1068 2109 purgatae
1123 2033 1299 2092 tritae
1357 2049 1492 2092 cum
1548 2037 1716 2092 aceto
1764 2038 1823 2091 et
1869 2028 2030 2108 oleo,
2084 2030 2166 2089 ita
2212 2035 2281 2089 ut

163 2138 224 2179 so
250 2119 401 2179 haec
456 2118 762 2180 interdum
814 2118 979 2180 velut
1031 2127 1306 2181 cerotum
1347 2130 1485 2181 cum
1530 2119 1714 2181 linteo
1761 2117 1944 2179 fronti
1995 2119 2281 2198 inponan-

250 2215 381 2288 tur3
430 2206 704 2269 similiter
749 2207 995 2287 prodest
1040 2218 1102 2268 et
1147 2218 1282 2270 ruta
1330 2208 1593 2270 silvatica
1638 2210 1778 2269 trita
1826 2226 1962 2268 cum
2010 2215 2178 2269 aceto
2219 2215 2282 2268 et

250 2295 384 2357 oleo
424 2298 594 2375 quasi
631 2305 899 2379 cerotum
946 2296 1132 2358 fronti
1169 2300 1547 2378 superposita
1588 2304 1690 2359 aut
1736 2299 1873 2376 agui
1919 2296 2036 2357 albi
2073 2314 2279 2357 semen

250 2403 327 2446 ex
391 2402 573 2464 posca
634 2388 845 2448 tritum
907 2393 1010 2446 aut
1066 2388 1324 2447 ocimum
1380 2386 1568 2448 viride
1625 2387 1716 2447 vel
1772 2403 1976 2447 semen
2031 2387 2160 2446 eius
2208 2403 2282 2445 ex

244 2492 404 2553 ‚aqua
453 2476 664 2536 tritum
701 2482 761 2535 et
797 2476 1126 2554 inpositum
1170 2483 1272 2536 aut
1321 2474 1574 2536 hederae
1622 2474 1786 2536 albae
1824 2474 1961 2535 folia
1999 2479 2281 2553 quattuor

163 2592 222 2635 25
250 2581 394 2624 cum
439 2581 593 2642 aqua
635 2563 829 2625 mulsa
872 2571 974 2625 aut
1019 2566 1122 2645 git,
1170 2564 1331 2644 quod
1378 2564 1589 2625 Graeci
1639 2562 2003 2624 melanthion
2050 2569 2280 2644 vocant,

253 2651 468 2713 eodem
513 2653 693 2713 modo
737 2652 922 2715 fronti
958 2655 1284 2732 inpositum
1334 2661 1437 2714 aut
1482 2652 1727 2714 naribus
1771 2654 2057 2713 iniectum
2104 2650 2281 2730 prod-

253 2748 362 2802 est.
470 2741 563 2802 Ad
631 2742 919 2803 torridam
988 2750 1049 2802 et
1116 2744 1499 2804 constrictam
1573 2749 1770 2803 cutem
1843 2742 2053 2820 capitis
2128 2739 2280 2800 bene
2317 2742 2387 2793 29

251 2830 397 2891 facit
460 2838 795 2892 castoreum
859 2838 920 2890 et
982 2830 1311 2892 balsamum
1380 2838 1440 2893 et
1506 2830 1914 2910 peucedanum
1979 2831 2282 2890 incoctum

251 2937 523 2980 seorsum
577 2922 640 2980 in
695 2938 832 2980 vaso
889 2938 1027 2981 cum
1083 2927 1250 2981 aceto
1299 2928 1359 2981 et
1405 2939 1540 2981 cum
1587 2920 1716 2981 oleo
1763 2920 1944 2997 capiti
1988 2918 2272 2979 infusum.

166 3038 222 3078 30
249 3007 504 3069 Faciunt
558 3011 736 3070 etiam
791 3008 1131 3070 huiusmodi
1181 3009 1611 3070 medicamenta
1659 3009 1836 3086 capiti
1884 3007 2278 3086 superposita,
2314 3021 2383 3071 30

249 3114 405 3176 quae
453 3095 665 3158 Graeci
718 3097 1133 3176 cataplasmata
1189 3098 1422 3159 dicunt:
1486 3097 1662 3159 Iridis
1718 3096 1936 3157 radicis
1992 3103 2276 3157 contusae

253 3185 303 3246 X
341 3184 417 3246 VI
464 3194 526 3247 et
570 3186 853 3265 pusillum
898 3205 1069 3247 rosae
1117 3187 1414 3248 silvaticae
1458 3188 1703 3248 seminis
1742 3203 1880 3246 cum
1917 3186 2104 3246 farina
2140 3184 2277 3245 hor·

251 3274 443 3336 diacia
480 3283 649 3336 cocta
685 3282 788 3336 aut
824 3275 1068 3336 feniculi
1102 3276 1336 3337 radices
1376 3275 1650 3337 similiter
1689 3282 1890 3335 coctae
1925 3292 2062 3336 cum
2093 3274 2279 3334 farina

252 3363 574 3425 hordiacia.
662 3364 915 3425 Prodest
971 3366 1149 3425 etiam
1203 3365 1275 3425 ad
1331 3367 1547 3425 nimios
1604 3363 1838 3425 dolores
1885 3365 2095 3443 capitis
2142 3379 2279 3422 con·
2319 3385 2386 3436 31

175 3478 227 3520 35
254 3455 487 3514 strictio
544 3456 672 3513 eius
728 3471 836 3532 per
892 3453 1193 3514 fasciolam
1249 3472 1369 3515 non
1416 3456 1665 3515 nimium
1711 3453 1913 3532 latam,
1969 3455 2048 3511 ita
2096 3458 2165 3510 ut
2211 3468 2279 3510 ea

397 3578 423 3626 1
469 3570 920 3627 cummiscentur.
1024 3578 1053 3626 '7
1093 3572 1337 3643 curatio]
1376 3571 1596 3626 derasio
1637 3570 1954 3626 Oornarius.
2041 3565 2279 3636 putatio.

257 3648 322 3696 12
342 3642 543 3714 pipire.
621 3643 746 3698 oleo
777 3645 836 3697 et
862 3642 1057 3698 mixto.
1130 3649 1197 3697 22
1217 3642 1406 3712 hagni.
1482 3650 1549 3697 32
1570 3641 1825 3696 ordiatia.
1903 3644 1972 3692 34
1992 3637 2278 3692 ordeacea..
