2575 4092
990 200 1465 264 -297—

206 362 471 443 -pteridis
527 369 736 423 tunsae
792 370 854 423 et
907 362 1067 423 aloes
1122 371 1333 424 tunsae
1391 362 1706 441 diligenter
1757 362 2029 443 dragmas
2075 362 2246 425 binas

213 459 277 512 et
322 450 517 512 mellis
563 451 898 532 despumati
944 451 1102 530 quod
1152 451 1439 529 sufficiat3
1493 451 1633 512 inde
1688 452 2026 514 iunioribus
2081 454 2246 513 iuxta

212 546 471 601 aetatem
527 539 724 622 dabis,
784 539 1121 601 senioribus
1178 539 1521 618 plusculum
1576 549 1637 602 et
1691 540 1910 602 adicies
1966 540 2247 603 colofonii

213 629 521 707 dragmam
577 647 783 709 unam,
836 631 918 689 ita
973 637 1042 689 ut
1098 631 1200 708 qui
1250 628 1582 691 remedium
1629 639 1875 691 sumunt
1921 648 2100 691 carne
2147 630 2245 691 ab·

156 736 186 779 5
216 720 480 779 stineant
523 735 634 797 per
678 716 811 778 illos
857 717 986 778 dies
1033 725 1094 778 et
1138 717 1334 778 aleum
1379 717 1756 779 manducent.

398 805 791 867 Coriandrum
838 805 1024 866 viride
1073 804 1164 866 vel
1210 807 1341 867 eius
1387 824 1592 867 semen
1639 806 1939 887 decoques
1977 808 2038 867 in
2077 826 2247 890 aqua,
2284 817 2353 865 33

213 897 279 956 in
329 913 443 974 qua
479 894 717 974 lupinos
754 895 923 973 prius
960 896 1212 976 coxeris,
1250 903 1312 956 et
1349 913 1487 957 cum
1523 895 1662 956 inde
1702 895 2016 956 adversum
2054 898 2247 957 tineas

213 984 311 1044 vel
355 982 683 1045 lumbricos
727 985 967 1045 ieiunus
1013 986 1346 1063 sumpseris
1391 985 1721 1066 potionem,
1766 984 2100 1045 vectaberis
2145 992 2248 1046 aut

217 1071 643 1134 deambulabis,

133 1181 188 1221 ιο
266 1185 271 1190 ·
396 1158 697 1222 Nasturcii
751 1162 998 1221 seminis
1054 1159 1344 1222 coclearia
1401 1169 1709 1244 quattuor,
1764 1160 1940 1222 filicis
1986 1178 2137 1241 quae
2183 1163 2246 1222 in
2283 1170 2354 1220 34

217 1248 433 1310 arbore
482 1251 749 1311 nascitur
791 1248 857 1310 P.
895 1249 947 1331 1,
1004 1250 1227 1328 agarici
1269 1280 1360 1293 -
1395 1249 1502 1332 111,
1557 1251 1818 1330 iuniperi
1863 1283 1946 1295 —
1987 1250 2095 1332 111,
2151 1269 2247 1312 co-

215 1338 448 1399 riandri
493 1340 739 1399 seminis
786 1335 848 1398 fr
887 1337 932 1419 1,
978 1356 1051 1398 ex
1097 1338 1297 1399 radice
1338 1338 1578 1418 Syriaca
1614 1338 1677 1400 P.
1714 1337 1760 1420 Ι,
1805 1342 1976 1401 corni
2022 1340 2249 1400 cervini

215 1429 341 1488 usti
404 1459 479 1469 -—
530 1427 666 1508 ΙΙΠ,
721 1428 866 1487 nitri
918 1426 1302 1487 Alexandrini
1355 1460 1430 1470 —
1472 1426 1576 1507 ΙΙΙ,
1635 1430 1968 1488 scamoniae
2031 1460 2107 1472 -
2149 1427 2247 1509 ΙΙΙ,

217 1514 533 1594 tithymalli
577 1515 641 1577 P.
678 1514 731 1596 Ι,
777 1514 932 1576 haec
979 1518 1173 1577 omnia
1219 1514 1439 1577 tundes
1485 1523 1545 1576 et
1591 1515 1911 1597 crim-abis,
1967 1515 2247 1577 miscebis

134 1623 189 1665 15
220 1613 284 1666 et
336 1606 600 1684 reposita
653 1603 902 1665 habebis
957 1615 1018 1665 et
1072 1623 1210 1665 cum
1265 1622 1418 1683 opus
1473 1605 1682 1685 fuerit,
1738 1603 1906 1665 dabis
1951 1606 2249 1666 tinearum

216 1693 314 1753 vel
367 1692 798 1754 lumbricorum
852 1691 1122 1753 molestia
1176 1691 1583 1755 laborantibus
1628 1694 1692 1753 in
1743 1694 1986 1771 potione
2031 1711 2246 1772 poscae

217 1781 447 1861 gelidae
494 1784 658 1843 iuxta
705 1788 983 1863 aetatem,
1040 1782 1145 1841 sed
1192 1782 1579 1860 digestissimi
1625 1781 1697 1842 ab
1745 1783 1908 1842 omni
1953 1800 2089 1843 esca
2134 1782 2249 1843 hoc

216 1870 553 1932 remedium
598 1872 869 1949 accipere
915 1869 1235 1932 debebunt.

404 1960 584 2020 Acori
628 1960 817 2041 tunsi,
865 1976 1078 2020 erucae
1127 1959 1400 2034 seminis,
1448 1957 1748 2020 coriandri
1794 1959 1940 2019 sicci
1986 1959 2249 2039 seminis,
2287 1968 2357 2018 35

28 2055 31 2132 s
135 2066 192 2107 so
223 2047 584 2110 cardamomi
647 2047 922 2109 cocliaria
988 2055 1301 2129 quaterna,
1364 2049 1627 2126 iuniperi
1681 2080 1766 2090 -
1821 2045 1931 2129 ΙΙΙ,
1991 2046 2251 2108 absinthi

223 2133 534 2198 Santonici
585 2135 650 2200 P.
695 2135 749 2215 Ι,
803 2135 1013 2217 hysopi
1075 2169 1148 2181 —-
1199 2136 1303 2217 VI,
1358 2138 1529 2197 corni
1583 2137 1810 2197 cervini
1866 2138 1991 2196 usti
2044 2168 2129 2179 -
2179 2135 2250 2216 ΙΙ,

221 2226 508 2287 dictamni
553 2225 618 2285 P.
657 2223 700 2306 1,
745 2224 937 2306 filicis,
985 2244 1133 2306 quae
1181 2228 1244 2286 in
1291 2225 1506 2286 arbore
1544 2227 1829 2305 nascitur,
1875 2227 2067 2286 siccae
2104 2224 2168 2285 P.
2206 2224 2250 2286 I.

222 2314 436 2376 Omnia
495 2314 643 2374 haec
699 2321 875 2374 tunsa
930 2313 1307 2393 cribrataque
1362 2314 1643 2375 miscebis
1710 2321 1770 2373 et
1833 2313 2125 2374 recondes
2191 2321 2252 2374 et

222 2422 363 2465 cum
400 2420 552 2483 opus
589 2403 789 2483 fuerit,
825 2400 1091 2481 pastillos
1128 2404 1312 2463 facies
1349 2402 1515 2463 fabae
1554 2401 1960 2480 magnitudine
1995 2409 2055 2463 et
2083 2402 2251 2463 dabis

136 2509 192 2551 25
224 2494 299 2573 ei,
337 2494 442 2572 qui
478 2491 706 2552 laborat
740 2488 1013 2552 molestia
1049 2491 1498 2570 lumbricorum,
1544 2498 1612 2551 ut
1645 2490 1780 2551 edat
1808 2493 1869 2550 in
1898 2490 2036 2572 ficu,
2074 2492 2249 2550 etiam

223 2584 410 2659 sicca3
457 2580 767 2641 abstentus
805 2586 1002 2640 tamen
1040 2578 1248 2660 pridie,
1285 2580 1368 2640 ita
1406 2586 1474 2640 ut
1512 2581 1589 2639 sit
1626 2579 2081 2660 digestissimuS‚
2115 2598 2252 2640 cum

221 2670 337 2731 hoc
385 2669 717 2730 remedium
763 2670 961 2729 sumit.

403 2757 494 2818 Ad
532 2756 858 2818 lumbricos
896 2755 1195 2817 eiciendos
1232 2754 1563 2817 remedium
1595 2757 1708 2816 sic:
1745 2754 2063 2816 Aristoloci
2092 2754 2252 2833 longi
2289 2766 2359 2815 36

224 2848 506 2909 contunsi
553 2839 632 2933 ,βα
679 2844 731 2905 ΙΙ
786 2863 926 2907 cum
982 2863 1168 2924 aquae
1225 2843 1452 2923 cyathis
1508 2843 1742 2905 duobus
1798 2846 2000 2905 ieiuno
2046 2843 2252 2904 biben-

136 2958 195 2999 ao
224 2936 337 2997 dos
380 2953 490 3015 per
526 2935 794 2996 triduum
831 2933 1027 3013 dabis3
1071 2932 1319 2993 nucleos
1362 2951 1601 3011 quoque
1637 2932 1710 2993 de
1748 2935 1983 3011 persico
2022 2951 2254 2994 amaros

223 3027 464 3087 ieiunus
513 3024 690 3085 edere
737 3022 981 3083 debebit
1026 3024 1131 3100 qui
1176 3020 1488 3082 lumbricis
1535 3021 1859 3082 vexabitur.
1933 3055 1936 3058 ι

401 3112 492 3173 Ad
536 3113 765 3173 ‘ventris
811 3111 1078 3171 dolorem
1125 3109 1456 3170 remedium
1504 3110 1712 3171 efficax
1756 3112 1870 3171 sic:
1918 3110 2138 3170 Sordes
2175 3111 2248 3171 de
2285 3122 2356 3171 37

224 3202 468 3264 cardine
517 3203 655 3262 ostii
702 3200 842 3261 tolle
890 3199 1092 3278 digitis
1138 3198 1391 3279 duobuS‚
1436 3198 1649 3277 pollice
1693 3209 1755 3260 et
1790 3197 2146 3278 medicinali,
2194 3207 2254 3259 et

404 3361 437 3409 3
476 3353 844 3423 colophoniae
885 3352 1204 3407 Cornarius.
1348 3358 1377 3406 7
1408 3356 1534 3421 post
1571 3352 1631 3405 in
1669 3368 1780 3420 qua
1814 3353 2009 3421 repetit
2033 3351 2093 3405 in
2123 3367 2251 3420 qu0.

225 3432 294 3482 14
329 3425 646 3482 tithimalli.
829 3429 898 3477 26
935 3422 1349 3477 diiestissimus.
1495 3427 1564 3478 28
1604 3421 2003 3477 aristolochiae
2047 3421 2252 3491 longae

222 3500 494 3553 contusae
552 3494 871 3552 Gornarius
1089 3500 1158 3548 29
1207 3494 1462 3563 cyathos.
1679 3497 1747 3546 30
1793 3493 2010 3561 persico
2057 3493 2251 3550 amari.

221 3576 292 3625 33
334 3567 492 3640 ostii]
532 3567 695 3624 ustei.
840 3565 1059 3637 digitis]
1100 3563 1406 3633 diligentis.
