2575 4092
1032 187 1514 252 -383—

182 367 236 407 20
355 349 638 429 Quaeque
685 350 811 411 suis
858 358 1069 411 natura
1114 349 1287 411 bouis
1335 359 1613 429 terraque
1658 353 1926 430 marique

352 438 583 519 Edidit,
629 438 727 498 illa
774 440 899 500 suis
945 438 1118 499 altrix
1166 438 1345 500 simul
1389 448 1566 520 atque
1613 442 1868 501 creatrix

354 526 601 588 Fetibus
649 529 979 607 omnigenis
989 576 1007 609 ,
1055 546 1205 608 quos
1251 530 1535 608 parturit,
1583 546 1725 606 ergo
1773 528 2041 590 salubres

357 616 636 695 Suggerit
680 618 978 696 impensas
1023 626 1205 695 ponto
1252 626 1314 677 et
1359 616 1571 679 tellure
1618 625 1873 699 creatas,

354 706 589 785 Angue,
635 705 787 786 fera,
834 705 1090 786 pecude,
1138 706 1335 784 fruge,
1383 705 1546 786 alite,
1593 707 1848 787 murice,
1893 708 2086 786 pisce,

179 809 234 851 25
353 793 559 875 Lacte,
607 811 798 875 mero,
844 796 1064 876 pomis,
1110 793 1391 874 lymphiS,
1438 794 1585 875 sale,
1632 794 1804 855 melle
1851 802 1911 855 et
1954 796 2135 876 olivo,

357 882 555 962 SuciS,
603 882 995 963 unguinibus,
1041 882 1257 963 taediS,
1304 884 1463 966 pice,
1509 883 1764 963 sulfure,
1810 901 1976 965 cera,

351 971 607 1049 Polline,
654 971 842 1051 farre,
889 971 1066 1052 fabis,
1111 971 1259 1051 lino,
1307 971 1512 1052 scobe,
1560 972 1802 1051 vellere,
1850 990 2065 1054 cornu,

355 1060 523 1120 Bacis
570 1067 632 1120 et
675 1059 928 1141 balanis,
975 1059 1177 1141 ligniS,
1223 1060 1507 1143 carbone,
1554 1059 1771 1142 favilla,

354 1146 629 1208 Floribus
676 1157 736 1209 et
782 1150 960 1209 variis
1005 1148 1234 1229 herbis,
1280 1148 1484 1209 holere
1531 1157 1709 1228 atque
1755 1148 2033 1229 metaIIiS‚

179 1253 234 1293 so
355 1236 621 1316 Sandyce
670 1243 731 1296 et
775 1245 964 1318 creta,
1010 1237 1396 1320 psimmytho,
1442 1240 1707 1318 pumice,
1751 1256 1963 1318 gypso,

354 1325 619 1406 Cadmia,
668 1325 929 1406 chalciti,
977 1325 1352 1408 chalcantho,
1399 1326 1601 1387 chalco
1649 1335 1708 1387 et
1753 1327 1991 1408 adusto,

355 1414 652 1475 Cassitero
700 1414 888 1495 molli,
934 1415 1129 1494 lepida
1175 1414 1413 1496 Cypria,
1459 1422 1806 1476 atramento.

352 1502 565 1564 Prome
614 1504 792 1563 etiam
840 1497 978 1585 (seu
1023 1501 1209 1564 tunde
1256 1505 1424 1583 prius
1471 1522 1577 1564 seu
1624 1512 1865 1565 contere
1912 1497 2115 1587 gyro),
2206 1549 2221 1566 .

355 1591 527 1663 Quod
573 1591 760 1652 viride
807 1591 1020 1653 hortus
1065 1590 1271 1673 habet,
1319 1592 1410 1652 vel
1455 1592 1614 1672 quod
1662 1594 1928 1653 carnaria
1978 1594 2230 1675 siccum,

177 1695 233 1737 35
352 1680 478 1740 Alia
527 1680 967 1761 serpyllumque
1014 1679 1229 1741 herbas
1277 1680 1729 1760 thymbramque
1776 1680 2075 1741 salubrem

352 1769 744 1848 Brassicaque
792 1777 853 1830 et
897 1769 1191 1849 raphanos
1238 1788 1307 1830 ac
1354 1769 1546 1850 longis
1591 1769 1800 1831 intuba
1845 1769 2012 1831 fibris

354 1857 430 1919 Et
476 1864 733 1918 mentam
781 1866 842 1919 et
888 1860 1080 1936 sinapi
1126 1858 1507 1919 coriandrum
1553 1864 2074 1938 prototomumque

353 1946 610 2007 Erucam
657 1953 833 2026 atque
881 1949 1107 2026 apium,
1153 1945 1400 2007 malvam
1447 1946 1764 2026 betamque
1812 1946 2111 2007 salubrem

355 2035 688 2113 Rutamque
736 2043 797 2095 et
841 2042 1188 2096 nasturcum
1235 2044 1297 2096 et
1342 2054 1539 2097 amara
1585 2035 1876 2096 absinthia
1922 2037 2106 2095 misce

179 2139 236 2179 40
354 2123 745 2204 Puleiumque
791 2132 1003 2202 potens
1051 2142 1284 2185 necnon
1333 2131 1392 2184 et
1439 2123 1569 2185 lene
1617 2126 1941 2185 cuminum.

353 2211 613 2272 Palmula
659 2231 773 2282 nec
817 2213 1014 2273 desint
1060 2211 1296 2274 ldumes
1342 2231 1452 2274 nec
1499 2231 1689 2292 pruna
1737 2213 2030 2293 Damasci,

356 2299 518 2370 Quae
565 2319 702 2361 cum
748 2301 1061 2380 multiplici
1108 2304 1463 2362 contriveris
1508 2301 1652 2362 orbe
1699 2302 1976 2381 terendo,

355 2389 422 2449 In
468 2392 686 2469 patinis
733 2398 974 2450 excocta
1023 2389 1191 2450 dabis
1238 2398 1341 2450 aut
1386 2389 1711 2469 grandibus
1758 2390 1889 2450 ollis

356 2474 602 2558 (Verum
649 2471 958 2560 adoperta)
1007 2496 1256 2560 coqueS,
1303 2497 1379 2539 ne
1427 2478 1649 2539 fumida
1695 2481 1825 2539 iura
1872 2497 2143 2558 saporem

177 2579 235 2621 45
356 2565 718 2645 Corruptum
763 2566 1039 2648 reddant,
1088 2585 1263 2645 quem
1314 2585 1448 2626 mox
1497 2566 1759 2628 fastidiat
1803 2584 1994 2645 aeger.

356 2654 517 2715 Adde
565 2662 626 2715 et
670 2657 1017 2716 aromaticas
1064 2656 1322 2736 species,
1371 2673 1516 2734 quas
1563 2657 1745 2716 mittit
1788 2654 1978 2736 EouS,

354 2742 460 2803 Vel
509 2762 659 2823 quae
705 2743 961 2804 Iudaicis
1008 2745 1273 2822 fragrant
1321 2742 1470 2803 bene
1518 2743 1753 2804 condita
1802 2746 2023 2825 capsiS,

354 2829 505 2912 TuS,
554 2839 812 2912 costum,
860 2832 1093 2913 folium,
1140 2850 1429 2913 myrram,
1477 2839 1799 2912 styracem,
1856 2850 2289 2914 crocomagma,

243 2931 248 2937 ’
354 2920 767 3001 Aspalathum,
814 2920 1054 2999 gallam,
1101 2920 1429 2982 elleborum
1478 2923 1833 2999 nigrumque
1880 2919 2147 2982 bitumen

182 3024 240 3066 50
358 3008 435 3070 Et
480 3010 729 3071 nardum
780 3018 839 3069 et
886 3012 1074 3070 casias
1122 3020 1181 3071 et
1226 3028 1455 3071 amoma
1505 3017 1565 3070 et
1610 3011 1879 3070 cinnama
1925 3028 2085 3090 rara,

357 3096 650 3180 Balsama,
695 3098 1136 3179 peucedanum,
1186 3100 1437 3179 spicam,
1486 3117 1705 3160 crocon
1751 3106 1927 3177 atque
1976 3097 2292 3181 bedellam,

451 3272 520 3321 24
575 3271 634 3322 et
687 3267 848 3337 fruge
907 3269 1228 3325 C'or‘nariuS.
1446 3274 1513 3323 32
1569 3268 1764 3338 lepida
1816 3270 2047 3338 scripsi.-
2102 3269 2292 3339 lepide

271 3337 593 3393 Gornarius.
705 3343 872 3407 atque
910 3342 1223 3395 atramento
1267 3339 1597 3395 Gornarius:
1633 3341 1805 3408 atque
1841 3342 1942 3395 del.
1981 3341 2289 3395 Buecheler.

269 3413 338 3463 36
375 3409 572 3478 intyba
611 3409 930 3466 Gornariws.
1119 3415 1189 3464 40
1226 3410 1629 3481 pulegiumque
1664 3412 1821 3466 idem.
2008 3411 2292 3478 cyminum

266 3480 425 3535 idem.
616 3485 686 3535 45
725 3498 889 3549 quem
926 3482 1248 3537 Buecheler.-
1286 3498 1429 3549 quae
1469 3481 1786 3537 Gornariua.
1985 3485 2051 3536 51
2093 3497 2293 3536 crocon

264 3550 658 3607 Bao-mamma.-
696 3567 918 3607 crocum
959 3551 1278 3608 Oornarius.
