<?xml version="1.0" encoding="UTF-8"?>
<!DOCTYPE html PUBLIC "-//W3C//DTD XHTML 1.0 Transitional//EN"
    "http://www.w3.org/TR/xhtml1/DTD/xhtml1-transitional.dtd">
<html xmlns="http://www.w3.org/1999/xhtml" xml:lang="en" lang="en">
 <head>
  <title>
</title>
<meta http-equiv="Content-Type" content="text/html;charset=utf-8" />
  <meta name='ocr-system' content='tesseract 3.04.00' />
  <meta name='ocr-capabilities' content='ocr_page ocr_carea ocr_par ocr_line ocrx_word'/>
</head>
<body>
  <div class='ocr_page' id='page_1' title='image "./marcellidemedic00unkngoog_0094.png"; bbox 0 0 2575 4092; ppageno 0'>
   <div class='ocr_carea' id='block_1_1' title="bbox 3 182 8 1156">
    <p class='ocr_par' dir='ltr' id='par_1_1' title="bbox 3 182 8 1156">
     <span class='ocr_line' id='line_1_1' title="bbox 3 182 8 1156; baseline 0 0"><span class='ocrx_word' id='word_1_1' title='bbox 3 182 8 1156; x_wconf 95' lang='lat' dir='ltr'> </span> 
     </span>
    </p>
   </div>
   <div class='ocr_carea' id='block_1_2' title="bbox 1125 238 1559 302">
    <p class='ocr_par' dir='ltr' id='par_1_2' title="bbox 1125 238 1559 302">
     <span class='ocr_line' id='line_1_2' title="bbox 1125 238 1559 302; baseline -0.009 -15"><span class='ocrx_word' id='word_1_2' title='bbox 1125 238 1559 302; x_wconf 75' lang='lat'><strong>...75-</strong></span> 
     </span>
    </p>
   </div>
   <div class='ocr_carea' id='block_1_3' title="bbox 222 398 2467 3681">
    <p class='ocr_par' dir='ltr' id='par_1_3' title="bbox 222 398 2467 3681">
     <span class='ocr_line' id='line_1_3' title="bbox 332 398 2361 485; baseline -0.002 -20"><span class='ocrx_word' id='word_1_3' title='bbox 332 404 600 485; x_wconf 88' lang='lat' dir='ltr'>gendam,</span> <span class='ocrx_word' id='word_1_4' title='bbox 647 403 963 465; x_wconf 80' lang='lat' dir='ltr'>conficitur</span> <span class='ocrx_word' id='word_1_5' title='bbox 1009 403 1123 464; x_wconf 86' lang='lat' dir='ltr'>sic:</span> <span class='ocrx_word' id='word_1_6' title='bbox 1196 400 1372 462; x_wconf 87' lang='lat' dir='ltr'>Croci</span> <span class='ocrx_word' id='word_1_7' title='bbox 1423 432 1499 443; x_wconf 88' lang='lat'>—</span> <span class='ocrx_word' id='word_1_8' title='bbox 1542 398 1621 480; x_wconf 93' lang='lat' dir='ltr'>II,</span> <span class='ocrx_word' id='word_1_9' title='bbox 1666 400 1892 480; x_wconf 84' lang='lat' dir='ltr'>piperis</span> <span class='ocrx_word' id='word_1_10' title='bbox 1938 398 2059 460; x_wconf 90' lang='lat' dir='ltr'>albi</span> <span class='ocrx_word' id='word_1_11' title='bbox 2105 401 2361 480; x_wconf 90' lang='lat' dir='ltr'>unciam,</span> 
     </span>
     <span class='ocr_line' id='line_1_4' title="bbox 330 487 2361 573; baseline -0.001 -20"><span class='ocrx_word' id='word_1_12' title='bbox 330 492 665 573; x_wconf 84' lang='lat' dir='ltr'>aphronitri</span> <span class='ocrx_word' id='word_1_13' title='bbox 737 494 971 553; x_wconf 86' lang='lat' dir='ltr'>unciam</span> <span class='ocrx_word' id='word_1_14' title='bbox 990 540 1007 572; x_wconf 90' lang='lat'>,</span> <span class='ocrx_word' id='word_1_15' title='bbox 1082 507 1317 571; x_wconf 76' lang='lat' dir='ltr'>myrrae</span> <span class='ocrx_word' id='word_1_16' title='bbox 1391 490 1664 567; x_wconf 88' lang='lat' dir='ltr'>unciam,</span> <span class='ocrx_word' id='word_1_17' title='bbox 1737 487 1931 549; x_wconf 88' lang='lat' dir='ltr'>mellis</span> <span class='ocrx_word' id='word_1_18' title='bbox 1996 488 2179 549; x_wconf 83' lang='lat' dir='ltr'>Attici</span> <span class='ocrx_word' id='word_1_19' title='bbox 2254 508 2361 550; x_wconf 84' lang='lat' dir='ltr'>un-</span> 
     </span>
     <span class='ocr_line' id='line_1_5' title="bbox 332 578 2362 660; baseline -0.002 -17"><span class='ocrx_word' id='word_1_20' title='bbox 332 584 501 643; x_wconf 84' lang='lat' dir='ltr'>ciam.</span> <span class='ocrx_word' id='word_1_21' title='bbox 592 581 847 643; x_wconf 86' lang='lat' dir='ltr'>Crocum</span> <span class='ocrx_word' id='word_1_22' title='bbox 903 589 965 641; x_wconf 89' lang='lat' dir='ltr'>et</span> <span class='ocrx_word' id='word_1_23' title='bbox 1013 582 1186 660; x_wconf 81' lang='lat' dir='ltr'>piper</span> <span class='ocrx_word' id='word_1_24' title='bbox 1232 597 1307 639; x_wconf 87' lang='lat' dir='ltr'>ex</span> <span class='ocrx_word' id='word_1_25' title='bbox 1354 581 1487 638; x_wconf 87' lang='lat' dir='ltr'>vino</span> <span class='ocrx_word' id='word_1_26' title='bbox 1535 585 1723 658; x_wconf 74' lang='lat' dir='ltr'>tereS,</span> <span class='ocrx_word' id='word_1_27' title='bbox 1778 579 2100 638; x_wconf 86' lang='lat' dir='ltr'>novissime</span> <span class='ocrx_word' id='word_1_28' title='bbox 2148 578 2362 657; x_wconf 86' lang='lat' dir='ltr'>aphro-</span> 
     </span>
     <span class='ocr_line' id='line_1_6' title="bbox 332 667 2363 751; baseline -0.002 -19"><span class='ocrx_word' id='word_1_29' title='bbox 332 672 555 732; x_wconf 86' lang='lat' dir='ltr'>nitrum</span> <span class='ocrx_word' id='word_1_30' title='bbox 603 679 664 731; x_wconf 92' lang='lat' dir='ltr'>et</span> <span class='ocrx_word' id='word_1_31' title='bbox 709 687 965 751; x_wconf 79' lang='lat' dir='ltr'>myrram</span> <span class='ocrx_word' id='word_1_32' title='bbox 1015 686 1284 730; x_wconf 88' lang='lat' dir='ltr'>seorsum</span> <span class='ocrx_word' id='word_1_33' title='bbox 1334 674 1612 729; x_wconf 86' lang='lat' dir='ltr'>conteres</span> <span class='ocrx_word' id='word_1_34' title='bbox 1659 674 1720 727; x_wconf 90' lang='lat' dir='ltr'>et</span> <span class='ocrx_word' id='word_1_35' title='bbox 1767 668 1854 727; x_wconf 90' lang='lat' dir='ltr'>sic</span> <span class='ocrx_word' id='word_1_36' title='bbox 1901 667 2180 729; x_wconf 87' lang='lat' dir='ltr'>universa</span> <span class='ocrx_word' id='word_1_37' title='bbox 2225 686 2363 728; x_wconf 89' lang='lat' dir='ltr'>con-</span> 
     </span>
     <span class='ocr_line' id='line_1_7' title="bbox 227 754 2418 840; baseline -0.001 -19"><span class='ocrx_word' id='word_1_38' title='bbox 227 763 551 840; x_wconf 81' lang='lat' dir='ltr'>109iunges</span> <span class='ocrx_word' id='word_1_39' title='bbox 610 766 787 839; x_wconf 87' lang='lat' dir='ltr'>atque</span> <span class='ocrx_word' id='word_1_40' title='bbox 843 759 917 819; x_wconf 91' lang='lat' dir='ltr'>ad</span> <span class='ocrx_word' id='word_1_41' title='bbox 972 756 1434 820; x_wconf 85' lang='lat' dir='ltr'>suffundendum</span> <span class='ocrx_word' id='word_1_42' title='bbox 1501 757 1689 816; x_wconf 89' lang='lat' dir='ltr'>uteris</span> <span class='ocrx_word' id='word_1_43' title='bbox 1746 773 1819 816; x_wconf 83' lang='lat' dir='ltr'>ex</span> <span class='ocrx_word' id='word_1_44' title='bbox 1881 754 2070 816; x_wconf 89' lang='lat' dir='ltr'>melle.</span> <span class='ocrx_word' id='word_1_45' title='bbox 2166 754 2362 836; x_wconf 77' lang='lat' dir='ltr'>Hygra</span> <span class='ocrx_word' id='word_1_46' title='bbox 2392 777 2418 819; x_wconf 79' lang='lat'><strong>5</strong></span> 
     </span>
     <span class='ocr_line' id='line_1_8' title="bbox 330 844 2364 930; baseline -0.001 -21"><span class='ocrx_word' id='word_1_47' title='bbox 330 849 607 930; x_wconf 89' lang='lat' dir='ltr'>mirifica,</span> <span class='ocrx_word' id='word_1_48' title='bbox 660 866 811 928; x_wconf 91' lang='lat' dir='ltr'>quae</span> <span class='ocrx_word' id='word_1_49' title='bbox 858 856 919 909; x_wconf 87' lang='lat' dir='ltr'>et</span> <span class='ocrx_word' id='word_1_50' title='bbox 966 847 1248 926; x_wconf 78' lang='lat' dir='ltr'>caligines</span> <span class='ocrx_word' id='word_1_51' title='bbox 1295 845 1480 923; x_wconf 84' lang='lat' dir='ltr'>abigit</span> <span class='ocrx_word' id='word_1_52' title='bbox 1526 852 1585 904; x_wconf 90' lang='lat' dir='ltr'>et</span> <span class='ocrx_word' id='word_1_53' title='bbox 1633 844 1822 906; x_wconf 91' lang='lat' dir='ltr'>oculis</span> <span class='ocrx_word' id='word_1_54' title='bbox 1870 845 2113 905; x_wconf 79' lang='lat' dir='ltr'>suffusis</span> <span class='ocrx_word' id='word_1_55' title='bbox 2161 844 2364 906; x_wconf 90' lang='lat' dir='ltr'>lumen</span> 
     </span>
     <span class='ocr_line' id='line_1_9' title="bbox 329 925 2363 1021; baseline -0.002 -23"><span class='ocrx_word' id='word_1_56' title='bbox 329 939 641 1018; x_wconf 87' lang='lat' dir='ltr'>instaurat,</span> <span class='ocrx_word' id='word_1_57' title='bbox 688 938 904 1015; x_wconf 88' lang='lat' dir='ltr'>accipit</span> <span class='ocrx_word' id='word_1_58' title='bbox 948 937 1121 997; x_wconf 89' lang='lat' dir='ltr'>haec:</span> <span class='ocrx_word' id='word_1_59' title='bbox 1168 933 1551 1013; x_wconf 77' lang='lat' dir='ltr'>opobalsami</span> <span class='ocrx_word' id='word_1_60' title='bbox 1597 925 1678 1019; x_wconf 64' lang='lat'>,9-</span> <span class='ocrx_word' id='word_1_61' title='bbox 1716 933 1813 1013; x_wconf 84' lang='grc' dir='ltr'>ΠΙ,</span> <span class='ocrx_word' id='word_1_62' title='bbox 1861 951 2093 1013; x_wconf 80' lang='lat' dir='ltr'>myrrae</span> <span class='ocrx_word' id='word_1_63' title='bbox 2142 926 2223 1021; x_wconf 62' lang='grc'>,9-</span> <span class='ocrx_word' id='word_1_64' title='bbox 2263 931 2363 1015; x_wconf 89' lang='lat' dir='ltr'>lll,</span> 
     </span>
     <span class='ocr_line' id='line_1_10' title="bbox 330 1018 2362 1112; baseline -0.002 -26"><span class='ocrx_word' id='word_1_65' title='bbox 330 1029 688 1105; x_wconf 87' lang='lat' dir='ltr'>opopanacis</span> <span class='ocrx_word' id='word_1_66' title='bbox 744 1018 888 1112; x_wconf 46' lang='lat'>21</span> <span class='ocrx_word' id='word_1_67' title='bbox 936 1025 1005 1106; x_wconf 87' lang='lat' dir='ltr'>S,</span> <span class='ocrx_word' id='word_1_68' title='bbox 1061 1023 1253 1085; x_wconf 92' lang='lat' dir='ltr'>mellis</span> <span class='ocrx_word' id='word_1_69' title='bbox 1310 1024 1492 1083; x_wconf 85' lang='lat' dir='ltr'>Attici</span> <span class='ocrx_word' id='word_1_70' title='bbox 1557 1021 1852 1083; x_wconf 82' lang='lat' dir='ltr'>selibram.</span> <span class='ocrx_word' id='word_1_71' title='bbox 1946 1021 2362 1101; x_wconf 87' lang='lat' dir='ltr'>Opopanacem</span> 
     </span>
     <span class='ocr_line' id='line_1_11' title="bbox 329 1111 2366 1195; baseline -0.001 -20"><span class='ocrx_word' id='word_1_72' title='bbox 329 1117 590 1195; x_wconf 87' lang='lat' dir='ltr'>primum</span> <span class='ocrx_word' id='word_1_73' title='bbox 646 1133 717 1175; x_wconf 84' lang='lat' dir='ltr'>ex</span> <span class='ocrx_word' id='word_1_74' title='bbox 773 1117 930 1175; x_wconf 82' lang='lat' dir='ltr'>vino·</span> <span class='ocrx_word' id='word_1_75' title='bbox 955 1121 1116 1175; x_wconf 88' lang='lat' dir='ltr'>teres</span> <span class='ocrx_word' id='word_1_76' title='bbox 1163 1112 1507 1193; x_wconf 84' lang='lat' dir='ltr'>diligenter,</span> <span class='ocrx_word' id='word_1_77' title='bbox 1553 1118 1681 1173; x_wconf 88' lang='lat' dir='ltr'>tum</span> <span class='ocrx_word' id='word_1_78' title='bbox 1727 1128 1985 1192; x_wconf 86' lang='lat' dir='ltr'>myrram</span> <span class='ocrx_word' id='word_1_79' title='bbox 2034 1111 2256 1172; x_wconf 89' lang='lat' dir='ltr'>adicies</span> <span class='ocrx_word' id='word_1_80' title='bbox 2302 1123 2366 1172; x_wconf 89' lang='lat' dir='ltr'>et</span> 
     </span>
     <span class='ocr_line' id='line_1_12' title="bbox 329 1200 2454 1284; baseline -0.002 -20"><span class='ocrx_word' id='word_1_81' title='bbox 329 1213 491 1265; x_wconf 86' lang='lat' dir='ltr'>teres</span> <span class='ocrx_word' id='word_1_82' title='bbox 503 1250 521 1284; x_wconf 98' lang='lat'>,</span> <span class='ocrx_word' id='word_1_83' title='bbox 577 1212 946 1283; x_wconf 89' lang='lat' dir='ltr'>postremum</span> <span class='ocrx_word' id='word_1_84' title='bbox 1003 1200 1447 1281; x_wconf 87' lang='lat' dir='ltr'>opobalsamum</span> <span class='ocrx_word' id='word_1_85' title='bbox 1505 1200 1686 1261; x_wconf 89' lang='lat' dir='ltr'>addes</span> <span class='ocrx_word' id='word_1_86' title='bbox 1733 1208 1912 1279; x_wconf 87' lang='lat' dir='ltr'>atque</span> <span class='ocrx_word' id='word_1_87' title='bbox 1961 1201 2156 1260; x_wconf 90' lang='lat' dir='ltr'>omnia</span> <span class='ocrx_word' id='word_1_88' title='bbox 2202 1218 2361 1261; x_wconf 84' lang='lat' dir='ltr'>com·</span> <span class='ocrx_word' id='word_1_89' title='bbox 2396 1220 2454 1260; x_wconf 92' lang='lat' dir='ltr'>1o</span> 
     </span>
     <span class='ocr_line' id='line_1_13' title="bbox 333 1288 2367 1368; baseline -0.001 -15"><span class='ocrx_word' id='word_1_90' title='bbox 333 1293 593 1353; x_wconf 85' lang='lat' dir='ltr'>muniter</span> <span class='ocrx_word' id='word_1_91' title='bbox 640 1291 888 1353; x_wconf 89' lang='lat' dir='ltr'>terendo</span> <span class='ocrx_word' id='word_1_92' title='bbox 938 1290 1294 1351; x_wconf 88' lang='lat' dir='ltr'>admiscebis</span> <span class='ocrx_word' id='word_1_93' title='bbox 1337 1297 1397 1350; x_wconf 87' lang='lat' dir='ltr'>et</span> <span class='ocrx_word' id='word_1_94' title='bbox 1434 1297 1639 1368; x_wconf 88' lang='lat' dir='ltr'>postea</span> <span class='ocrx_word' id='word_1_95' title='bbox 1678 1289 1750 1349; x_wconf 92' lang='lat' dir='ltr'>ad</span> <span class='ocrx_word' id='word_1_96' title='bbox 1790 1288 2197 1367; x_wconf 87' lang='lat' dir='ltr'>inungendum</span> <span class='ocrx_word' id='word_1_97' title='bbox 2238 1300 2367 1350; x_wconf 87' lang='lat' dir='ltr'>ute-</span> 
     </span>
     <span class='ocr_line' id='line_1_14' title="bbox 227 1377 2366 1459; baseline -0.001 -18"><span class='ocrx_word' id='word_1_98' title='bbox 227 1383 442 1443; x_wconf 79' lang='lat' dir='ltr'>110riS.</span> <span class='ocrx_word' id='word_1_99' title='bbox 508 1379 687 1441; x_wconf 85' lang='lat' dir='ltr'>Fellis</span> <span class='ocrx_word' id='word_1_100' title='bbox 725 1379 1029 1459; x_wconf 88' lang='lat' dir='ltr'>gallinacei</span> <span class='ocrx_word' id='word_1_101' title='bbox 1069 1378 1163 1439; x_wconf 85' lang='lat' dir='ltr'>vel</span> <span class='ocrx_word' id='word_1_102' title='bbox 1199 1379 1505 1459; x_wconf 82' lang='lat' dir='ltr'>vulturini,</span> <span class='ocrx_word' id='word_1_103' title='bbox 1543 1378 1701 1458; x_wconf 87' lang='lat' dir='ltr'>quod</span> <span class='ocrx_word' id='word_1_104' title='bbox 1740 1377 1913 1457; x_wconf 91' lang='lat' dir='ltr'>longe</span> <span class='ocrx_word' id='word_1_105' title='bbox 1962 1379 2147 1456; x_wconf 87' lang='lat' dir='ltr'>magis</span> <span class='ocrx_word' id='word_1_106' title='bbox 2189 1378 2366 1457; x_wconf 91' lang='lat' dir='ltr'>prod·</span> 
     </span>
     <span class='ocr_line' id='line_1_15' title="bbox 331 1466 2367 1549; baseline -0.001 -20"><span class='ocrx_word' id='word_1_107' title='bbox 331 1477 450 1548; x_wconf 89' lang='lat' dir='ltr'>est,</span> <span class='ocrx_word' id='word_1_108' title='bbox 511 1469 840 1549; x_wconf 89' lang='lat' dir='ltr'>scripulum</span> <span class='ocrx_word' id='word_1_109' title='bbox 901 1477 960 1530; x_wconf 89' lang='lat' dir='ltr'>et</span> <span class='ocrx_word' id='word_1_110' title='bbox 1015 1467 1208 1529; x_wconf 90' lang='lat' dir='ltr'>mellis</span> <span class='ocrx_word' id='word_1_111' title='bbox 1254 1469 1467 1546; x_wconf 87' lang='lat' dir='ltr'>optimi</span> <span class='ocrx_word' id='word_1_112' title='bbox 1523 1469 1759 1527; x_wconf 89' lang='lat' dir='ltr'>unciam</span> <span class='ocrx_word' id='word_1_113' title='bbox 1815 1466 1966 1528; x_wconf 91' lang='lat' dir='ltr'>bene</span> <span class='ocrx_word' id='word_1_114' title='bbox 2028 1469 2168 1527; x_wconf 85' lang='lat' dir='ltr'>trita</span> <span class='ocrx_word' id='word_1_115' title='bbox 2224 1485 2367 1528; x_wconf 91' lang='lat' dir='ltr'>con-</span> 
     </span>
     <span class='ocr_line' id='line_1_16' title="bbox 330 1554 2364 1638; baseline -0.001 -19"><span class='ocrx_word' id='word_1_116' title='bbox 330 1560 543 1637; x_wconf 91' lang='lat' dir='ltr'>iunges</span> <span class='ocrx_word' id='word_1_117' title='bbox 600 1566 777 1638; x_wconf 87' lang='lat' dir='ltr'>atque</span> <span class='ocrx_word' id='word_1_118' title='bbox 834 1559 896 1619; x_wconf 93' lang='lat' dir='ltr'>in</span> <span class='ocrx_word' id='word_1_119' title='bbox 950 1558 1164 1638; x_wconf 77' lang='lat' dir='ltr'>pyxide</span> <span class='ocrx_word' id='word_1_120' title='bbox 1221 1574 1442 1636; x_wconf 88' lang='lat' dir='ltr'>cuprea</span> <span class='ocrx_word' id='word_1_121' title='bbox 1495 1554 1743 1616; x_wconf 88' lang='lat' dir='ltr'>habebis</span> <span class='ocrx_word' id='word_1_122' title='bbox 1801 1563 1862 1616; x_wconf 90' lang='lat' dir='ltr'>et</span> <span class='ocrx_word' id='word_1_123' title='bbox 1909 1564 2242 1635; x_wconf 88' lang='lat' dir='ltr'>opportune</span> <span class='ocrx_word' id='word_1_124' title='bbox 2290 1556 2364 1617; x_wconf 88' lang='lat' dir='ltr'>ad</span> 
     </span>
     <span class='ocr_line' id='line_1_17' title="bbox 331 1643 2457 1728; baseline -0.001 -21"><span class='ocrx_word' id='word_1_125' title='bbox 331 1648 738 1726; x_wconf 88' lang='lat' dir='ltr'>inungendum</span> <span class='ocrx_word' id='word_1_126' title='bbox 784 1649 1002 1728; x_wconf 88' lang='lat' dir='ltr'>uteris,</span> <span class='ocrx_word' id='word_1_127' title='bbox 1057 1647 1172 1708; x_wconf 91' lang='lat' dir='ltr'>hoc</span> <span class='ocrx_word' id='word_1_128' title='bbox 1220 1645 1367 1706; x_wconf 90' lang='lat' dir='ltr'>nihil</span> <span class='ocrx_word' id='word_1_129' title='bbox 1414 1646 1718 1723; x_wconf 83' lang='lat' dir='ltr'>potentius</span> <span class='ocrx_word' id='word_1_130' title='bbox 1766 1643 2076 1724; x_wconf 88' lang='lat' dir='ltr'>caliginem</span> <span class='ocrx_word' id='word_1_131' title='bbox 2125 1644 2365 1707; x_wconf 86' lang='lat' dir='ltr'>relevat.</span> <span class='ocrx_word' id='word_1_132' title='bbox 2397 1664 2457 1705; x_wconf 82' lang='lat'>15</span> 
     </span>
     <span class='ocr_line' id='line_1_18' title="bbox 225 1733 2369 1819; baseline 0 -24"><span class='ocrx_word' id='word_1_133' title='bbox 225 1735 461 1797; x_wconf 86' lang='lat' dir='ltr'>111Ros</span> <span class='ocrx_word' id='word_1_134' title='bbox 518 1739 904 1819; x_wconf 89' lang='lat' dir='ltr'>matutinum,</span> <span class='ocrx_word' id='word_1_135' title='bbox 964 1736 1122 1816; x_wconf 92' lang='lat' dir='ltr'>quod</span> <span class='ocrx_word' id='word_1_136' title='bbox 1170 1735 1525 1803; x_wconf 55' lang='lat' dir='ltr'>inhaeserit⁴</span> <span class='ocrx_word' id='word_1_137' title='bbox 1554 1742 1751 1813; x_wconf 89' lang='lat' dir='ltr'>rutae,</span> <span class='ocrx_word' id='word_1_138' title='bbox 1801 1741 1859 1794; x_wconf 88' lang='lat' dir='ltr'>et</span> <span class='ocrx_word' id='word_1_139' title='bbox 1917 1751 2127 1794; x_wconf 90' lang='lat' dir='ltr'>sucum</span> <span class='ocrx_word' id='word_1_140' title='bbox 2184 1733 2369 1795; x_wconf 94' lang='lat' dir='ltr'>cheli-</span> 
     </span>
     <span class='ocr_line' id='line_1_19' title="bbox 333 1823 2369 1904; baseline -0.001 -19"><span class='ocrx_word' id='word_1_141' title='bbox 333 1824 542 1886; x_wconf 89' lang='lat' dir='ltr'>doniae</span> <span class='ocrx_word' id='word_1_142' title='bbox 598 1834 657 1887; x_wconf 86' lang='lat' dir='ltr'>et</span> <span class='ocrx_word' id='word_1_143' title='bbox 712 1824 830 1886; x_wconf 93' lang='lat' dir='ltr'>mel</span> <span class='ocrx_word' id='word_1_144' title='bbox 885 1827 1176 1904; x_wconf 89' lang='lat' dir='ltr'>optimum</span> <span class='ocrx_word' id='word_1_145' title='bbox 1234 1823 1651 1901; x_wconf 87' lang='lat' dir='ltr'>despumatum</span> <span class='ocrx_word' id='word_1_146' title='bbox 1707 1824 1838 1901; x_wconf 91' lang='lat' dir='ltr'>pari</span> <span class='ocrx_word' id='word_1_147' title='bbox 1890 1840 2171 1883; x_wconf 88' lang='lat' dir='ltr'>mensura</span> <span class='ocrx_word' id='word_1_148' title='bbox 2233 1840 2369 1902; x_wconf 91' lang='lat' dir='ltr'>per·</span> 
     </span>
     <span class='ocr_line' id='line_1_20' title="bbox 329 1910 2368 1994; baseline -0.001 -19"><span class='ocrx_word' id='word_1_149' title='bbox 329 1916 514 1975; x_wconf 91' lang='lat' dir='ltr'>misce</span> <span class='ocrx_word' id='word_1_150' title='bbox 572 1921 750 1994; x_wconf 89' lang='lat' dir='ltr'>atque</span> <span class='ocrx_word' id='word_1_151' title='bbox 807 1913 879 1974; x_wconf 90' lang='lat' dir='ltr'>ad</span> <span class='ocrx_word' id='word_1_152' title='bbox 937 1916 1144 1974; x_wconf 87' lang='lat' dir='ltr'>tertias</span> <span class='ocrx_word' id='word_1_153' title='bbox 1201 1911 1468 1991; x_wconf 91' lang='lat' dir='ltr'>decoque</span> <span class='ocrx_word' id='word_1_154' title='bbox 1531 1921 1589 1971; x_wconf 88' lang='lat' dir='ltr'>et</span> <span class='ocrx_word' id='word_1_155' title='bbox 1636 1912 1696 1971; x_wconf 88' lang='lat' dir='ltr'>in</span> <span class='ocrx_word' id='word_1_156' title='bbox 1746 1910 1960 1991; x_wconf 75' lang='lat' dir='ltr'>pyxide</span> <span class='ocrx_word' id='word_1_157' title='bbox 2007 1929 2224 1990; x_wconf 90' lang='lat' dir='ltr'>cuprea</span> <span class='ocrx_word' id='word_1_158' title='bbox 2273 1930 2368 1973; x_wconf 89' lang='lat' dir='ltr'>re·</span> 
     </span>
     <span class='ocr_line' id='line_1_21' title="bbox 225 1999 2366 2081; baseline 0 -20"><span class='ocrx_word' id='word_1_159' title='bbox 225 2014 326 2062; x_wconf 82' lang='lat'>112</span> <span class='ocrx_word' id='word_1_160' title='bbox 342 2003 531 2063; x_wconf 89' lang='lat' dir='ltr'>conde</span> <span class='ocrx_word' id='word_1_161' title='bbox 580 2010 639 2063; x_wconf 90' lang='lat' dir='ltr'>et</span> <span class='ocrx_word' id='word_1_162' title='bbox 686 2002 1006 2081; x_wconf 88' lang='lat' dir='ltr'>caligantes</span> <span class='ocrx_word' id='word_1_163' title='bbox 1055 2001 1258 2063; x_wconf 92' lang='lat' dir='ltr'>oculos</span> <span class='ocrx_word' id='word_1_164' title='bbox 1296 2000 1561 2061; x_wconf 83' lang='lat' dir='ltr'>infunde.</span> <span class='ocrx_word' id='word_1_165' title='bbox 1637 1999 1814 2060; x_wconf 88' lang='lat' dir='ltr'>Fellis</span> <span class='ocrx_word' id='word_1_166' title='bbox 1852 2007 2047 2061; x_wconf 89' lang='lat' dir='ltr'>terrae</span> <span class='ocrx_word' id='word_1_167' title='bbox 2087 2011 2147 2061; x_wconf 89' lang='lat' dir='ltr'>et</span> <span class='ocrx_word' id='word_1_168' title='bbox 2184 2000 2366 2061; x_wconf 93' lang='lat' dir='ltr'>cheli-</span> 
     </span>
     <span class='ocr_line' id='line_1_22' title="bbox 329 2088 2457 2169; baseline 0 -19"><span class='ocrx_word' id='word_1_169' title='bbox 329 2091 538 2151; x_wconf 90' lang='lat' dir='ltr'>doniae</span> <span class='ocrx_word' id='word_1_170' title='bbox 586 2094 899 2169; x_wconf 90' lang='lat' dir='ltr'>utriusque</span> <span class='ocrx_word' id='word_1_171' title='bbox 937 2090 1156 2151; x_wconf 92' lang='lat' dir='ltr'>herbae</span> <span class='ocrx_word' id='word_1_172' title='bbox 1197 2108 1410 2150; x_wconf 89' lang='lat' dir='ltr'>sucum</span> <span class='ocrx_word' id='word_1_173' title='bbox 1463 2106 1600 2151; x_wconf 91' lang='lat' dir='ltr'>cum</span> <span class='ocrx_word' id='word_1_174' title='bbox 1647 2088 1842 2149; x_wconf 90' lang='lat' dir='ltr'>mellis</span> <span class='ocrx_word' id='word_1_175' title='bbox 1891 2091 2101 2167; x_wconf 89' lang='lat' dir='ltr'>optimi</span> <span class='ocrx_word' id='word_1_176' title='bbox 2148 2089 2364 2169; x_wconf 89' lang='lat' dir='ltr'>despu·</span> <span class='ocrx_word' id='word_1_177' title='bbox 2397 2109 2457 2150; x_wconf 74' lang='lat' dir='ltr'>ao</span> 
     </span>
     <span class='ocr_line' id='line_1_23' title="bbox 329 2177 2369 2258; baseline 0 -19"><span class='ocrx_word' id='word_1_178' title='bbox 329 2180 475 2239; x_wconf 89' lang='lat' dir='ltr'>mati</span> <span class='ocrx_word' id='word_1_179' title='bbox 521 2181 650 2258; x_wconf 92' lang='lat' dir='ltr'>pari</span> <span class='ocrx_word' id='word_1_180' title='bbox 695 2196 974 2240; x_wconf 90' lang='lat' dir='ltr'>mensura</span> <span class='ocrx_word' id='word_1_181' title='bbox 1024 2179 1319 2257; x_wconf 90' lang='lat' dir='ltr'>permisce</span> <span class='ocrx_word' id='word_1_182' title='bbox 1363 2185 1542 2257; x_wconf 89' lang='lat' dir='ltr'>atque</span> <span class='ocrx_word' id='word_1_183' title='bbox 1581 2196 1651 2238; x_wconf 85' lang='lat' dir='ltr'>ex</span> <span class='ocrx_word' id='word_1_184' title='bbox 1692 2197 1762 2238; x_wconf 91' lang='lat' dir='ltr'>eo</span> <span class='ocrx_word' id='word_1_185' title='bbox 1802 2177 2122 2256; x_wconf 87' lang='lat' dir='ltr'>caligantes</span> <span class='ocrx_word' id='word_1_186' title='bbox 2161 2178 2369 2240; x_wconf 86' lang='lat' dir='ltr'>oculos</span> 
     </span>
     <span class='ocr_line' id='line_1_24' title="bbox 225 2266 2368 2347; baseline 0.001 -21"><span class='ocrx_word' id='word_1_187' title='bbox 225 2279 326 2329; x_wconf 81' lang='lat'>113</span> <span class='ocrx_word' id='word_1_188' title='bbox 346 2269 585 2347; x_wconf 91' lang='lat' dir='ltr'>inunge,</span> <span class='ocrx_word' id='word_1_189' title='bbox 631 2267 1042 2328; x_wconf 86' lang='lat' dir='ltr'>efficacissimo</span> <span class='ocrx_word' id='word_1_190' title='bbox 1090 2267 1481 2328; x_wconf 89' lang='lat' dir='ltr'>medicamine</span> <span class='ocrx_word' id='word_1_191' title='bbox 1520 2268 1729 2327; x_wconf 87' lang='lat' dir='ltr'>uteris.</span> <span class='ocrx_word' id='word_1_192' title='bbox 1805 2266 2110 2327; x_wconf 74' lang='lat' dir='ltr'>Satureiae</span> <span class='ocrx_word' id='word_1_193' title='bbox 2136 2267 2368 2329; x_wconf 88' lang='lat' dir='ltr'>·viridis</span> 
     </span>
     <span class='ocr_line' id='line_1_25' title="bbox 333 2354 2369 2437; baseline 0.001 -22"><span class='ocrx_word' id='word_1_194' title='bbox 333 2374 479 2416; x_wconf 91' lang='lat' dir='ltr'>suco</span> <span class='ocrx_word' id='word_1_195' title='bbox 534 2357 886 2417; x_wconf 88' lang='lat' dir='ltr'>tenuissimo</span> <span class='ocrx_word' id='word_1_196' title='bbox 943 2359 994 2417; x_wconf 84' lang='lat' dir='ltr'>si</span> <span class='ocrx_word' id='word_1_197' title='bbox 1051 2355 1299 2416; x_wconf 89' lang='lat' dir='ltr'>adsidue</span> <span class='ocrx_word' id='word_1_198' title='bbox 1357 2354 1604 2434; x_wconf 88' lang='lat' dir='ltr'>angulos</span> <span class='ocrx_word' id='word_1_199' title='bbox 1670 2354 1982 2416; x_wconf 87' lang='lat' dir='ltr'>oculorum</span> <span class='ocrx_word' id='word_1_200' title='bbox 2037 2358 2369 2437; x_wconf 86' lang='lat' dir='ltr'>contingas,</span> 
     </span>
     <span class='ocr_line' id='line_1_26' title="bbox 329 2443 2369 2524; baseline 0.001 -20"><span class='ocrx_word' id='word_1_201' title='bbox 329 2443 639 2524; x_wconf 85' lang='lat' dir='ltr'>caliginem</span> <span class='ocrx_word' id='word_1_202' title='bbox 707 2447 825 2507; x_wconf 89' lang='lat' dir='ltr'>cito</span> <span class='ocrx_word' id='word_1_203' title='bbox 882 2444 1186 2507; x_wconf 76' lang='lat' dir='ltr'>discuties,</span> <span class='ocrx_word' id='word_1_204' title='bbox 1278 2443 1442 2504; x_wconf 90' lang='lat' dir='ltr'>Idem</span> <span class='ocrx_word' id='word_1_205' title='bbox 1504 2451 1766 2522; x_wconf 86' lang='lat' dir='ltr'>praestat</span> <span class='ocrx_word' id='word_1_206' title='bbox 1824 2452 1886 2504; x_wconf 91' lang='lat' dir='ltr'>et</span> <span class='ocrx_word' id='word_1_207' title='bbox 1948 2451 2116 2505; x_wconf 91' lang='lat' dir='ltr'>rutae</span> <span class='ocrx_word' id='word_1_208' title='bbox 2184 2463 2369 2506; x_wconf 91' lang='lat' dir='ltr'>sucus</span> 
     </span>
     <span class='ocr_line' id='line_1_27' title="bbox 327 2531 2462 2613; baseline 0 -20"><span class='ocrx_word' id='word_1_209' title='bbox 327 2552 435 2613; x_wconf 88' lang='lat' dir='ltr'>per</span> <span class='ocrx_word' id='word_1_210' title='bbox 494 2533 743 2595; x_wconf 89' lang='lat' dir='ltr'>linteum</span> <span class='ocrx_word' id='word_1_211' title='bbox 810 2542 986 2596; x_wconf 89' lang='lat' dir='ltr'>tenue</span> <span class='ocrx_word' id='word_1_212' title='bbox 1055 2551 1377 2613; x_wconf 85' lang='lat' dir='ltr'>expressus</span> <span class='ocrx_word' id='word_1_213' title='bbox 1442 2535 1504 2593; x_wconf 90' lang='lat' dir='ltr'>in</span> <span class='ocrx_word' id='word_1_214' title='bbox 1569 2531 1783 2612; x_wconf 82' lang='lat' dir='ltr'>pyxide</span> <span class='ocrx_word' id='word_1_215' title='bbox 1850 2551 2022 2593; x_wconf 88' lang='lat' dir='ltr'>aerea</span> <span class='ocrx_word' id='word_1_216' title='bbox 2086 2533 2366 2595; x_wconf 86' lang='lat' dir='ltr'>conditus</span> <span class='ocrx_word' id='word_1_217' title='bbox 2395 2552 2462 2594; x_wconf 75' lang='lat'>25</span> 
     </span>
     <span class='ocr_line' id='line_1_28' title="bbox 328 2617 2367 2702; baseline 0.001 -20"><span class='ocrx_word' id='word_1_218' title='bbox 328 2631 505 2702; x_wconf 90' lang='lat' dir='ltr'>atque</span> <span class='ocrx_word' id='word_1_219' title='bbox 553 2622 783 2702; x_wconf 88' lang='lat' dir='ltr'>angulis</span> <span class='ocrx_word' id='word_1_220' title='bbox 829 2623 1137 2685; x_wconf 84' lang='lat' dir='ltr'>oculorum</span> <span class='ocrx_word' id='word_1_221' title='bbox 1175 2620 1554 2700; x_wconf 91' lang='lat' dir='ltr'>caligantium</span> <span class='ocrx_word' id='word_1_222' title='bbox 1597 2620 1918 2701; x_wconf 90' lang='lat' dir='ltr'>adpositus.</span> <span class='ocrx_word' id='word_1_223' title='bbox 1993 2617 2120 2684; x_wconf 91' lang='lat' dir='ltr'>Hoc</span> <span class='ocrx_word' id='word_1_224' title='bbox 2167 2625 2367 2684; x_wconf 89' lang='lat' dir='ltr'>cuius-</span> 
     </span>
     <span class='ocr_line' id='line_1_29' title="bbox 328 2709 2368 2792; baseline 0.001 -22"><span class='ocrx_word' id='word_1_225' title='bbox 328 2710 473 2772; x_wconf 89' lang='lat' dir='ltr'>libet</span> <span class='ocrx_word' id='word_1_226' title='bbox 529 2714 738 2773; x_wconf 89' lang='lat' dir='ltr'>aetatis</span> <span class='ocrx_word' id='word_1_227' title='bbox 785 2713 1084 2772; x_wconf 88' lang='lat' dir='ltr'>hominem</span> <span class='ocrx_word' id='word_1_228' title='bbox 1131 2711 1524 2770; x_wconf 87' lang='lat' dir='ltr'>infirmissimi</span> <span class='ocrx_word' id='word_1_229' title='bbox 1568 2711 1733 2771; x_wconf 85' lang='lat' dir='ltr'>visus</span> <span class='ocrx_word' id='word_1_230' title='bbox 1775 2709 2130 2771; x_wconf 86' lang='lat' dir='ltr'>mirabiliter</span> <span class='ocrx_word' id='word_1_231' title='bbox 2176 2726 2368 2792; x_wconf 85' lang='lat' dir='ltr'>curat,</span> 
     </span>
     <span class='ocr_line' id='line_1_30' title="bbox 224 2795 2366 2881; baseline 0 -21"><span class='ocrx_word' id='word_1_232' title='bbox 224 2808 503 2861; x_wconf 83' lang='lat' dir='ltr'>114certe</span> <span class='ocrx_word' id='word_1_233' title='bbox 548 2795 612 2862; x_wconf 81' lang='lat' dir='ltr'>&#39;si</span> <span class='ocrx_word' id='word_1_234' title='bbox 667 2800 888 2881; x_wconf 91' lang='lat' dir='ltr'>aliquid</span> <span class='ocrx_word' id='word_1_235' title='bbox 945 2800 1138 2860; x_wconf 90' lang='lat' dir='ltr'>mellis</span> <span class='ocrx_word' id='word_1_236' title='bbox 1186 2799 1367 2859; x_wconf 85' lang='lat' dir='ltr'>Attici</span> <span class='ocrx_word' id='word_1_237' title='bbox 1431 2798 1612 2859; x_wconf 83' lang='lat' dir='ltr'>fuerit</span> <span class='ocrx_word' id='word_1_238' title='bbox 1671 2798 2014 2860; x_wconf 86' lang='lat' dir='ltr'>admixtum.</span> <span class='ocrx_word' id='word_1_239' title='bbox 2117 2800 2366 2861; x_wconf 87' lang='lat' dir='ltr'>Reme-</span> 
     </span>
     <span class='ocr_line' id='line_1_31' title="bbox 329 2887 2368 2952; baseline 0 -2"><span class='ocrx_word' id='word_1_240' title='bbox 329 2890 518 2950; x_wconf 90' lang='lat' dir='ltr'>dium</span> <span class='ocrx_word' id='word_1_241' title='bbox 578 2890 656 2951; x_wconf 87' lang='lat' dir='ltr'>ad</span> <span class='ocrx_word' id='word_1_242' title='bbox 725 2898 1073 2952; x_wconf 88' lang='lat' dir='ltr'>tumorem</span> <span class='ocrx_word' id='word_1_243' title='bbox 1141 2887 1514 2949; x_wconf 87' lang='lat' dir='ltr'>oculorum</span> <span class='ocrx_word' id='word_1_244' title='bbox 1581 2887 1688 2948; x_wconf 91' lang='lat' dir='ltr'>vel</span> <span class='ocrx_word' id='word_1_245' title='bbox 1752 2890 2039 2948; x_wconf 89' lang='lat' dir='ltr'>nimiam</span> <span class='ocrx_word' id='word_1_246' title='bbox 2106 2888 2368 2950; x_wconf 87' lang='lat' dir='ltr'>destil—</span> 
     </span>
     <span class='ocr_line' id='line_1_32' title="bbox 327 2976 2464 3056; baseline 0 -18"><span class='ocrx_word' id='word_1_247' title='bbox 327 2977 688 3041; x_wconf 89' lang='lat' dir='ltr'>lationem.</span> <span class='ocrx_word' id='word_1_248' title='bbox 783 2978 953 3040; x_wconf 89' lang='lat' dir='ltr'>Pulei</span> <span class='ocrx_word' id='word_1_249' title='bbox 1006 2977 1185 3038; x_wconf 88' lang='lat' dir='ltr'>flores</span> <span class='ocrx_word' id='word_1_250' title='bbox 1243 2976 1545 3055; x_wconf 89' lang='lat' dir='ltr'>destringe</span> <span class='ocrx_word' id='word_1_251' title='bbox 1603 2994 1824 3056; x_wconf 88' lang='lat' dir='ltr'>eosque</span> <span class='ocrx_word' id='word_1_252' title='bbox 1882 2976 2232 3039; x_wconf 80' lang='lat' dir='ltr'>madefacito</span> <span class='ocrx_word' id='word_1_253' title='bbox 2290 2997 2368 3039; x_wconf 84' lang='lat' dir='ltr'>ex</span> <span class='ocrx_word' id='word_1_254' title='bbox 2399 2997 2464 3038; x_wconf 72' lang='lat' dir='ltr'>so</span> 
     </span>
     <span class='ocr_line' id='line_1_33' title="bbox 328 3065 2368 3146; baseline 0.001 -19"><span class='ocrx_word' id='word_1_255' title='bbox 328 3085 477 3146; x_wconf 93' lang='lat' dir='ltr'>aqua</span> <span class='ocrx_word' id='word_1_256' title='bbox 536 3068 750 3146; x_wconf 82' lang='lat' dir='ltr'>frigida</span> <span class='ocrx_word' id='word_1_257' title='bbox 807 3075 868 3129; x_wconf 91' lang='lat' dir='ltr'>et</span> <span class='ocrx_word' id='word_1_258' title='bbox 924 3075 1167 3128; x_wconf 88' lang='lat' dir='ltr'>contere</span> <span class='ocrx_word' id='word_1_259' title='bbox 1226 3065 1379 3126; x_wconf 91' lang='lat' dir='ltr'>bene</span> <span class='ocrx_word' id='word_1_260' title='bbox 1435 3072 1612 3144; x_wconf 89' lang='lat' dir='ltr'>atque</span> <span class='ocrx_word' id='word_1_261' title='bbox 1670 3084 1741 3125; x_wconf 84' lang='lat' dir='ltr'>ex</span> <span class='ocrx_word' id='word_1_262' title='bbox 1795 3084 1864 3126; x_wconf 94' lang='lat' dir='ltr'>eo</span> <span class='ocrx_word' id='word_1_263' title='bbox 1912 3068 2093 3144; x_wconf 90' lang='lat' dir='ltr'>panni</span> <span class='ocrx_word' id='word_1_264' title='bbox 2140 3069 2368 3129; x_wconf 84' lang='lat' dir='ltr'>tenuis-</span> 
     </span>
     <span class='ocr_line' id='line_1_34' title="bbox 329 3153 2368 3236; baseline 0 -20"><span class='ocrx_word' id='word_1_265' title='bbox 329 3158 464 3216; x_wconf 90' lang='lat' dir='ltr'>simi</span> <span class='ocrx_word' id='word_1_266' title='bbox 509 3164 740 3236; x_wconf 87' lang='lat' dir='ltr'>partem</span> <span class='ocrx_word' id='word_1_267' title='bbox 797 3156 1100 3217; x_wconf 91' lang='lat' dir='ltr'>dimidiam</span> <span class='ocrx_word' id='word_1_268' title='bbox 1145 3155 1295 3234; x_wconf 91' lang='lat' dir='ltr'>line,</span> <span class='ocrx_word' id='word_1_269' title='bbox 1352 3160 1418 3216; x_wconf 93' lang='lat' dir='ltr'>ut</span> <span class='ocrx_word' id='word_1_270' title='bbox 1474 3172 1546 3214; x_wconf 84' lang='lat' dir='ltr'>ex</span> <span class='ocrx_word' id='word_1_271' title='bbox 1603 3153 1785 3215; x_wconf 87' lang='lat' dir='ltr'>altera</span> <span class='ocrx_word' id='word_1_272' title='bbox 1832 3162 2001 3233; x_wconf 90' lang='lat' dir='ltr'>parte</span> <span class='ocrx_word' id='word_1_273' title='bbox 2047 3158 2230 3234; x_wconf 89' lang='lat' dir='ltr'>panni</span> <span class='ocrx_word' id='word_1_274' title='bbox 2276 3158 2368 3217; x_wconf 91' lang='lat' dir='ltr'>in·</span> 
     </span>
     <span class='ocr_line' id='line_1_35' title="bbox 328 3243 2371 3326; baseline 0 -20"><span class='ocrx_word' id='word_1_275' title='bbox 328 3255 493 3324; x_wconf 88' lang='lat' dir='ltr'>tegas</span> <span class='ocrx_word' id='word_1_276' title='bbox 549 3246 751 3306; x_wconf 88' lang='lat' dir='ltr'>oculos</span> <span class='ocrx_word' id='word_1_277' title='bbox 802 3254 863 3307; x_wconf 92' lang='lat' dir='ltr'>et</span> <span class='ocrx_word' id='word_1_278' title='bbox 918 3263 1055 3307; x_wconf 91' lang='lat' dir='ltr'>cum</span> <span class='ocrx_word' id='word_1_279' title='bbox 1110 3244 1221 3305; x_wconf 89' lang='lat' dir='ltr'>ibit</span> <span class='ocrx_word' id='word_1_280' title='bbox 1276 3243 1630 3324; x_wconf 82' lang='lat' dir='ltr'>dormitum,</span> <span class='ocrx_word' id='word_1_281' title='bbox 1675 3245 1773 3304; x_wconf 91' lang='lat' dir='ltr'>cui</span> <span class='ocrx_word' id='word_1_282' title='bbox 1819 3243 2177 3305; x_wconf 90' lang='lat' dir='ltr'>medendum</span> <span class='ocrx_word' id='word_1_283' title='bbox 2231 3247 2371 3326; x_wconf 88' lang='lat' dir='ltr'>erit,</span> 
     </span>
     <span class='ocr_line' id='line_1_36' title="bbox 329 3334 2369 3414; baseline 0 -19"><span class='ocrx_word' id='word_1_284' title='bbox 329 3353 508 3413; x_wconf 86' lang='lat' dir='ltr'>supra</span> <span class='ocrx_word' id='word_1_285' title='bbox 585 3334 791 3395; x_wconf 90' lang='lat' dir='ltr'>oculos</span> <span class='ocrx_word' id='word_1_286' title='bbox 863 3352 1087 3414; x_wconf 80' lang='lat' dir='ltr'>poneS,</span> <span class='ocrx_word' id='word_1_287' title='bbox 1161 3334 1290 3412; x_wconf 86' lang='lat' dir='ltr'>ipsa</span> <span class='ocrx_word' id='word_1_288' title='bbox 1354 3342 1529 3393; x_wconf 89' lang='lat' dir='ltr'>nocte</span> <span class='ocrx_word' id='word_1_289' title='bbox 1604 3339 1897 3393; x_wconf 86' lang='lat' dir='ltr'>tumorem</span> <span class='ocrx_word' id='word_1_290' title='bbox 1974 3351 2369 3413; x_wconf 87' lang='lat' dir='ltr'>umoremque</span> 
     </span>
     <span class='ocr_line' id='line_1_37' title="bbox 222 3420 2467 3502; baseline 0 -20"><span class='ocrx_word' id='word_1_291' title='bbox 222 3423 647 3485; x_wconf 71' lang='lat' dir='ltr'>uboculorum</span> <span class='ocrx_word' id='word_1_292' title='bbox 707 3425 836 3485; x_wconf 88' lang='lat' dir='ltr'>eius</span> <span class='ocrx_word' id='word_1_293' title='bbox 893 3421 1144 3485; x_wconf 80' lang='lat' dir='ltr'>sedabis,</span> <span class='ocrx_word' id='word_1_294' title='bbox 1238 3420 1324 3481; x_wconf 87' lang='lat' dir='ltr'>Ad</span> <span class='ocrx_word' id='word_1_295' title='bbox 1380 3420 1690 3482; x_wconf 87' lang='lat' dir='ltr'>oculorum</span> <span class='ocrx_word' id='word_1_296' title='bbox 1747 3420 2009 3483; x_wconf 91' lang='lat' dir='ltr'>subitum</span> <span class='ocrx_word' id='word_1_297' title='bbox 2071 3424 2366 3502; x_wconf 87' lang='lat' dir='ltr'>impetum</span> <span class='ocrx_word' id='word_1_298' title='bbox 2399 3441 2467 3482; x_wconf 75' lang='lat'>35</span> 
     </span>
     <span class='ocr_line' id='line_1_38' title="bbox 328 3509 2369 3595; baseline 0.001 -24"><span class='ocrx_word' id='word_1_299' title='bbox 328 3513 419 3572; x_wconf 86' lang='lat' dir='ltr'>vel</span> <span class='ocrx_word' id='word_1_300' title='bbox 477 3512 742 3573; x_wconf 91' lang='lat' dir='ltr'>dolorem</span> <span class='ocrx_word' id='word_1_301' title='bbox 799 3511 1126 3574; x_wconf 88' lang='lat' dir='ltr'>remedium</span> <span class='ocrx_word' id='word_1_302' title='bbox 1185 3510 1392 3571; x_wconf 86' lang='lat' dir='ltr'>efficax</span> <span class='ocrx_word' id='word_1_303' title='bbox 1451 3512 1563 3571; x_wconf 89' lang='lat' dir='ltr'>sic:</span> <span class='ocrx_word' id='word_1_304' title='bbox 1632 3509 1854 3570; x_wconf 90' lang='lat' dir='ltr'>Sucum</span> <span class='ocrx_word' id='word_1_305' title='bbox 1902 3510 2205 3595; x_wconf 76' lang='lat' dir='ltr'>cardoniS,</span> <span class='ocrx_word' id='word_1_306' title='bbox 2265 3530 2369 3574; x_wconf 87' lang='lat' dir='ltr'>su·</span> 
     </span>
     <span class='ocr_line' id='line_1_39' title="bbox 330 3597 2369 3681; baseline 0.001 -21"><span class='ocrx_word' id='word_1_307' title='bbox 330 3618 465 3661; x_wconf 89' lang='lat' dir='ltr'>cum</span> <span class='ocrx_word' id='word_1_308' title='bbox 513 3604 741 3663; x_wconf 84' lang='lat' dir='ltr'>urticae</span> <span class='ocrx_word' id='word_1_309' title='bbox 780 3601 1227 3679; x_wconf 84' lang='lat' dir='ltr'>Alexandrinae,</span> <span class='ocrx_word' id='word_1_310' title='bbox 1276 3617 1484 3660; x_wconf 90' lang='lat' dir='ltr'>sucum</span> <span class='ocrx_word' id='word_1_311' title='bbox 1524 3597 1858 3681; x_wconf 77' lang='lat' dir='ltr'>bugilloniS,</span> <span class='ocrx_word' id='word_1_312' title='bbox 1895 3617 2160 3679; x_wconf 88' lang='lat' dir='ltr'>crocum,</span> <span class='ocrx_word' id='word_1_313' title='bbox 2209 3610 2369 3663; x_wconf 87' lang='lat' dir='ltr'>atra-</span> 
     </span>
    </p>
   </div>
  </div>
 </body>
</html>
