2575 4092
992 251 1475 316 —191—

214 419 296 477 tis
334 414 589 476 vinculis
627 431 869 475 rursum
900 432 1236 494 perungere
1266 423 1329 476 et
1355 415 1570 477 fricare
1599 423 1790 478 totum
1818 435 2039 497 corpus
2066 425 2244 497 atquc

214 507 297 567 ita
346 505 629 565 varietate
668 502 939 563 ciborum
977 510 1038 564 et
1074 505 1488 582 perunctionis
1526 504 1894 567 stomachum
1930 508 2246 588 proritare,

212 596 296 655 ita
343 600 413 654 ut
459 592 805 654 reficiantur
850 590 996 653 alica
1034 610 1108 652 ex
1148 591 1339 654 mulso
1378 600 1480 654 aut
1516 593 1804 655 malorum
1842 594 2244 675 cydoncorum

215 701 362 744 suco
418 680 512 742 vel
567 699 640 741 ex
697 682 898 760 granis
944 680 1189 742 Punicis
1244 681 1401 743 facto
1455 690 1559 743 aut
1613 683 1665 743 si
1716 701 1865 762 quos
1911 685 2099 764 magis
2144 684 2244 745 de·

160 787 188 829 5
215 769 462 833 lectabit
515 768 727 848 frigida
784 787 992 850 posca3
1058 770 1389 832 secundum
1443 789 1593 850 quae
1658 779 1891 851 sumpta
1956 780 2018 833 et
2081 772 2244 853 apala

212 859 549 940 proderunt
593 877 701 918 ova
748 865 810 918 et
852 857 1048 919 intubi
1093 861 1249 920 cocti
1294 858 1387 920 vel
1424 876 1544 920 non
1589 862 1747 922 cocti
1791 878 1864 921 ex
1910 869 2077 921 aceto
2125 860 2246 922 dati

213 951 480 1028 itemque
526 947 791 1008 lactucae
838 954 900 1008 et
945 946 1145 1008 caules
1192 946 1511 1028 haplosiles
1549 966 1621 1009 ex
1657 966 1837 1029 posca
1875 947 2109 1010 decocti
2144 958 2250 1010 aut

212 1036 437 1116 ungula
484 1037 731 1116 porcina
778 1044 1020 1097 excocta
1066 1044 1127 1097 et
1172 1036 1433 1118 madida3
1483 1036 1648 1098 vulva
1687 1055 1924 1117 quoque
1966 1045 2028 1098 et
2062 1039 2244 1098 muri·

212 1145 318 1188 ces
373 1134 436 1186 et
489 1123 787 1205 pelorides
832 1123 1155 1204 plurimum
1202 1127 1406 1187 iuvant
1458 1133 1520 1186 et
1564 1143 1878 1205 pomorum
1923 1128 2245 1207 praecipue

131 1231 183 1270 10
211 1213 390 1277 sorba
447 1221 508 1275 et
559 1212 709 1274 mala
765 1212 1092 1274 orbiculata
1147 1221 1207 1275 et
1259 1216 1389 1295 pira
1448 1214 1804 1298 Scaudiana,
1861 1214 2242 1277 Crustumina

212 1304 580 1382 Signinaque
634 1304 698 1362 in
753 1301 866 1362 olla
920 1304 1208 1384 reposita3
1270 1304 1417 1365 item
1469 1312 1722 1384 prosunt
1777 1322 1924 1366 uvae
1988 1323 2062 1365 ex
2128 1304 2240 1365 olla

211 1401 505 1471 sumptae.
586 1389 745 1451 Haec
803 1392 962 1451 enim
1008 1398 1069 1452 et
1112 1391 1455 1452 huiusmodi
1502 1411 1653 1472 quae
1700 1401 1843 1454 sunt
1885 1393 1980 1453 his
2027 1392 2240 1454 similia

209 1481 570 1543 confirmant
615 1479 1013 1560 stomachum3
1055 1479 1272 1558 quibus
1322 1481 1476 1541 escis
1523 1488 1583 1542 ct
1629 1481 2085 1560 insequentibus
2122 1480 2245 1542 die-

209 1571 330 1631 bus
377 1570 468 1630 uti
513 1566 816 1648 oportebit
859 1567 1143 1647 paulatim
1198 1569 1272 1629 ad
1320 1568 1815 1630 consuetudinem
1863 1569 2247 1649 progredien-

130 1673 184 1715 15
214 1669 351 1741 teS„
376 1657 566 1719 donec
613 1658 778 1717 omni
820 1655 1090 1717 molestia
1134 1656 1484 1717 liberentur.
1843 1698 1852 1705 .

395 1746 505 1807 Est
551 1754 612 1807 et
656 1745 803 1806 illud
851 1745 1141 1806 stomachi
1186 1747 1423 1826 vitium,
1480 1745 1639 1825 quod
1686 1764 1825 1806 cum
1872 1747 2138 1807 siccitate
2186 1754 2247 1807 et
2286 1760 2356 1809 10

211 1836 431 1898 ardore
479 1836 609 1896 eius
655 1841 717 1895 ct
762 1835 863 1894 siti
907 1833 1288 1914 inrequiebili
1343 1843 1429 1917 et,
1484 1842 1553 1895 ut
1595 1836 1677 1894 ita
1722 1834 1940 1915 dicam,
1995 1836 2245 1895 inextin-

211 1923 427 2005 guibili
474 1924 766 2004 nascitur3
813 1924 1089 1983 eccausin
1136 1922 1250 1984 hoc
1297 1923 1507 1985 Graeci
1552 1930 1790 2004 vocant,
1843 1922 1917 1983 ab
1971 1941 2041 1983 eo
2087 1923 2247 2002 quod

213 2015 482 2075 exsiccat
519 2029 755 2072 omnem
795 2012 1083 2073 stomachi
1119 2030 1407 2073 umorem.
1476 2011 1711 2073 Scimus
1750 2010 2036 2091 quosdam
2065 2029 2248 2071 urnas

131 2118 186 2158 so
217 2121 411 2183 aquae
459 2099 682 2161 bibisse
721 2118 832 2161 nec
870 2102 1031 2162 sitim
1068 2099 1262 2180 aliqua
1301 2119 1373 2162 ex
1410 2108 1578 2180 parte
1615 2103 1678 2160 in
1715 2102 2050 2180 praesentia
2089 2118 2246 2160 com·

211 2192 542 2271 pescuisse.
634 2189 723 2249 Ad
777 2189 891 2250 hoc
948 2189 1227 2250 denarius
1284 2208 1441 2250 unus
1497 2189 1587 2250 vel
1653 2188 1887 2269 pondus
1951 2190 2247 2251 victoriati

213 2281 421 2342 datum
479 2297 550 2339 ex
608 2295 796 2356 aquae
851 2278 1100 2356 frigidae
1156 2278 1383 2358 cyathis
1438 2278 1635 2339 tribus
1697 2280 1777 2338 ita
1841 2277 2113 2358 prodest,
2179 2286 2246 2338 ut

213 2368 389 2430 facile
437 2366 736 2428 abstinere
784 2384 815 2427 a
861 2374 1008 2447 potu
1056 2365 1266 2427 diebus
1313 2368 1600 2446 proximis
1644 2368 1892 2446 possint.

396 2456 666 2517 Lienosis
713 2473 853 2516 vero
891 2474 963 2514 ex
1000 2472 1181 2535 posca
1218 2462 1278 2516 et
1315 2456 1595 2516 iocineris
1633 2455 1914 2515 duritiem
1951 2454 2243 2515 diutinam
2282 2466 2348 2515 11

127 2560 185 2602 25
214 2543 580 2606 habentibus
627 2563 700 2604 ex
747 2562 899 2623 aqua
935 2543 1125 2605 mulsa
1164 2543 1368 2604 datum
1406 2546 1548 2604 satis
1586 2545 1864 2604 convenit
1898 2561 2010 2603 nec
2046 2545 2246 2603 minus

214 2634 578 2715 hydropiciS‚
626 2631 843 2712 quibus
890 2632 1066 2694 datur
1103 2632 1308 2693 eadem
1346 2633 1593 2693 ratione.
1654 2631 1772 2693 Sed
1807 2632 1903 2692 his
1939 2650 2048 2711 per
2085 2650 2242 2692 com-

216 2722 424 2803 plures
477 2722 604 2783 dies
660 2719 960 2802 oportebit
1014 2723 1075 2781 in
1128 2723 1394 2801 ptisanae
1449 2738 1719 2782 cremore
1774 2722 1903 2781 sine
1957 2720 2078 2781 ullo
2131 2720 2243 2781 alio

216 2812 450 2892 liquore
508 2811 663 2892 dari3
719 2810 967 2890 prodest
1024 2811 1374 2889 compositio
1428 2809 1574 2870 haec
1631 2818 1692 2870 et
1746 2808 1875 2870 colo
1929 2809 2132 2870 inflato
2185 2817 2246 2868 et

218 2903 438 2962 ceteris
493 2901 823 2980 intestinis3
879 2899 1111 2959 futuras
1169 2916 1407 2977 quoque
1452 2896 1544 2958 vel
1591 2899 1708 2958 iam
1754 2897 1938 2959 factas
1982 2898 2244 2958 vomicas

127 3004 188 3046 so
218 2990 410 3051 isdem
458 2987 729 3068 partibus
777 2996 879 3048 aut
925 2987 1170 3048 discutit
1214 2995 1319 3048 aut
1363 2985 1619 3047 celerius
1666 2988 1873 3066 aperit.

396 3077 545 3138 Item
582 3084 887 3138 menstrua
924 3083 1123 3137 movet
1159 3074 1530 3157 mulieribUS,
1570 3094 1720 3155 quae
1754 3075 2074 3137 difficulter
2100 3094 2241 3156 pur·
2280 3086 2358 3136 12

218 3174 461 3248 gantur3
518 3166 775 3227 dandum
832 3175 1029 3227 autem
1091 3166 1206 3225 erit
1260 3165 1355 3225 his
1411 3165 1907 3226 medicamentum
1955 3184 2026 3227 ex
2074 3182 2242 3243 aqua,

216 3258 281 3316 in
327 3274 444 3335 qua
483 3255 849 3334 decoquatur
885 3253 1088 3335 herba,
1135 3272 1284 3334 quac
1334 3255 1632 3315 artemisia
1670 3254 1906 3334 dicitur,
1952 3260 2055 3314 aut
2092 3269 2242 3332 quae

219 3344 548 3405 dictamnos
595 3342 940 3424 appellatur.
1014 3342 1209 3404 Etiam
1255 3341 1328 3403 ad
1374 3342 1619 3424 papulas
1666 3352 1726 3404 et
1773 3359 2007 3403 sacrum
2045 3342 2243 3418 ignem

403 3557 431 3605 7
480 3549 735 3607 lactucae
784 3551 971 3605 caules
1017 3567 1144 3606 cum
1188 3550 1344 3605 foliis
1391 3567 1460 3605 ex
1509 3563 1680 3618 posca
1733 3545 1953 3602 decocti
2000 3544 2254 3601 Scribon-

223 3626 292 3675 10
331 3620 637 3676 Scauriana
674 3622 996 3678 Cornarius.
