2575 4092
980 227 1461 293 —141-

214 387 369 467 salis,
422 390 605 471 aceti,
669 389 885 471 mellis,
946 389 1062 451 olei
1117 392 1337 452 veteris
1392 409 1613 472 aequas
1666 399 1869 471 partes
1924 393 1985 453 in
2044 410 2229 455 unum

211 478 441 537 misceri
487 488 727 557 oportet
772 488 833 540 et
877 496 1015 541 cum
1062 497 1212 559 opus
1259 480 1468 561 fuerit,
1515 481 1695 560 pinna
1740 480 2065 560 perfricare
2104 482 2228 544 fau-

209 583 303 625 ces
355 566 585 628 diutius
642 567 994 630 laborantes,
1085 568 1235 630 Item
1291 568 1445 631 bene
1500 570 1642 631 facit
1696 578 1758 631 et
1812 570 1924 632 hoc
1974 570 2227 632 medica·
2264 585 2298 635 8

206 663 462 717 mentum
523 659 923 736 compositum
980 658 1094 719 sic:
1168 656 1268 719 Git
1320 658 1484 719 fricti
1539 656 1590 718 X
1637 657 1718 738 11,
1770 659 2040 738 pyrethri
2096 658 2143 719 X
2184 659 2228 740 1,

157 757 182 798 15
207 747 477 822 sagapeni
523 747 824 807 victoriati
865 745 1130 827 pondus3
1191 749 1333 808 trita
1379 747 1525 808 haec
1572 765 1709 808 cum
1755 746 1929 808 melle
1974 749 2227 810 miscen-

205 838 296 891 tur
339 841 401 894 et
444 836 529 895 ita
578 835 851 898 faucibus
896 835 1269 896 adhibentur.
1343 835 1511 897 Facit
1545 835 1697 897 hene
1736 846 1797 897 et
1833 837 2227 898 medicamen·
2263 851 2297 900 4

202 926 319 980 tum
355 922 472 985 hoc
511 926 912 1004 compositum
950 926 1065 986 sic:
1106 923 1288 985 Fellis
1326 926 1549 985 taurini
1586 923 1636 985 X
1674 923 1743 1000 11,
1782 927 1912 986 suci
1948 944 2225 988 cucume-

201 1009 279 1068 ris
315 1010 573 1075 silvatici
603 1012 654 1074 X
683 1013 726 1094 I,
763 1013 1049 1093 cachryos
1087 1020 1147 1074 et
1184 1015 1365 1074 misui
1398 1015 1640 1075 animati
1670 1012 1721 1074 X
1754 1013 2047 1096 singulos;
2086 1017 2225 1076 trita

200 1093 337 1159 haec
374 1101 552 1164 melle
592 1103 853 1164 admixto
891 1109 1292 1182 reponuntur3
1331 1121 1467 1163 cum
1506 1121 1658 1183 opus
1695 1112 1804 1184 est,
1842 1121 1993 1183 aqua
2028 1104 2225 1183 tepida

134 1197 179 1237 ιο
203 1184 507 1251 diluuntur
557 1199 621 1253 et
664 1191 866 1254 fauces
913 1190 1126 1251 exinde
1172 1200 1593 1270 perunguntur
1632 1202 2049 1273 cogunturque
2086 1192 2224 1254 inde

203 1291 366 1351 quam
420 1278 755 1358 plurimum
809 1281 1094 1341 devorare
1149 1282 1255 1359 qui
1318 1280 1578 1342 faucium
1636 1281 1842 1343 dolore
1907 1288 2224 1364 vexantur3

200 1362 367 1426 solvit
417 1370 582 1430 enim
628 1377 898 1430 ventrem
947 1377 1007 1430 et
1052 1370 1133 1430 ita
1183 1369 1700 1431 vehementissime
1738 1370 2000 1450 prodest.
2072 1369 2221 1432 Item
2259 1383 2292 1432 5

199 1447 343 1514 bene
381 1456 527 1519 facit
560 1465 623 1519 et
658 1458 770 1519 hoc
800 1458 1324 1520 medicamentum:
1361 1458 1897 1520 Hirundininorum
1923 1458 2222 1540 pullorum

202 1551 543 1608 exustorum
585 1549 806 1608 cineris
845 1547 895 1608 X
934 1547 976 1628 1,
1014 1547 1225 1627 hysopi
1261 1545 1313 1607 X
1351 1545 1394 1627 Ι,
1430 1548 1575 1608 nitri
1612 1546 1664 1607 X
1693 1547 1736 1630 l,
1773 1550 1997 1627 piperis
2038 1546 2085 1607 X
2129 1565 2219 1607 se·

135 1639 179 1681 1⁵
203 1630 453 1716 missem,
491 1636 705 1697 laseris
750 1634 803 1696 X
840 1635 911 1697 11.
975 1635 1103 1696 Hoc
1149 1635 1582 1697 medicamento
1628 1643 1689 1697 et
1735 1638 1972 1714 saepius
2019 1636 2221 1696 fauces

202 1724 258 1777 et
301 1727 573 1798 pressius
624 1726 825 1786 fricari
872 1733 1123 1803 oportet.
1206 1724 1411 1785 Multis
1449 1732 1510 1785 et
1554 1724 1670 1785 hoc
1706 1725 1932 1803 profuit
1966 1725 2221 1785 medica·
2259 1739 2293 1786 e

200 1819 488 1876 mentum:
537 1814 720 1896 Costi,
766 1816 905 1895 opii,
951 1816 1133 1894 anesi,
1180 1813 1444 1894 schoeni,
1489 1814 1682 1875 casiae
1729 1814 1914 1893 rufae,
1964 1812 2222 1893 singulo·

202 1910 327 1958 rum
373 1899 425 1962 X
473 1903 677 1980 hinoS,
722 1906 809 1982 git
854 1901 906 1962 X
944 1903 998 1983 1,
1053 1904 1269 1963 amomi
1324 1903 1622 1963 victoriati
1665 1901 1901 1981 pondus
1946 1900 1998 1983 1,
2049 1904 2222 1983 asari,

203 1987 354 2061 quod
401 2002 496 2053 est
546 2010 770 2073 semen,
818 1991 870 2052 X
905 1991 977 2074 11,
1023 1990 1300 2052 aluminis
1346 1991 1473 2052 fissi
1520 1990 1570 2052 X
1607 1989 1650 2073 1,
1696 1990 1882 2069 gallae
1928 1991 2088 2070 quod
2131 2000 2224 2052 est

132 2082 179 2124 2⁰
202 2075 455 2140 medium
504 2081 910 2161 magnitudine
958 2082 1171 2142 ciceris
1207 2079 1423 2159 pilulas
1463 2098 1714 2141 numero
1752 2078 1816 2162 V,
1862 2081 2026 2141 croci
2062 2078 2113 2140 X
2151 2078 2223 2159 11,

200 2163 685 2249 crocomagmatis
730 2172 1027 2231 victoriati
1063 2170 1316 2250 pondus,
1364 2187 1596 2250 myrrae
1634 2170 1932 2230 victoriati
1965 2170 2219 2250 pondus,

201 2252 568 2321 aristolociae
605 2258 863 2320 Graecae
902 2257 955 2319 X
992 2257 1117 2340 1111,
1163 2261 1420 2319 cinnami
1459 2257 1507 2319 X
1548 2257 1646 2337 111,
1694 2258 2082 2320 hirundinum
2120 2258 2218 2319 sil·

202 2347 485 2408 vestrium
540 2356 888 2408 exustorum
944 2347 1241 2427 pullorum
1299 2349 1520 2408 cineris
1566 2346 1617 2407 X
1660 2345 1737 2429 V,
1795 2348 1967 2408 nardi
2020 2349 2219 2426 spicae

205 2428 496 2497 victoriati
523 2436 774 2515 ponduS.
829 2436 1001 2497 Melle
1030 2437 1226 2498 Attico
1264 2436 1612 2516 despumato
1648 2435 2220 2516 conprehenduntur

134 2525 181 2568 2⁵
204 2512 341 2582 haec
396 2527 595 2587 omnia
651 2525 967 2605 diligenter
1022 2527 1189 2607 trita3
1244 2543 1382 2587 cum
1438 2532 1635 2586 autem
1693 2542 1845 2603 opus
1901 2524 2083 2586 fuerit
2128 2541 2219 2584 re-

204 2615 390 2681 parari
436 2613 554 2676 hoc
599 2614 1126 2693 medicamentum,
1170 2613 1463 2674 adicietur
1509 2612 1665 2692 quod
1713 2615 1859 2674 satis
1904 2613 2020 2674 erit
2066 2614 2220 2673 eius-

204 2691 331 2758 dem
376 2702 571 2764 mellis
617 2711 678 2765 et
724 2704 812 2764 sic
857 2703 1130 2765 faucibus
1174 2704 1492 2763 inseretur.
1574 2701 1702 2762 Hoc
1747 2701 1910 2763 Livia
1955 2702 2218 2780 Augusta

206 2799 435 2867 semper
472 2795 867 2872 compositum
903 2790 1112 2852 habuit
1147 2799 1209 2852 et
1235 2791 1612 2851 reconditum
1642 2793 1705 2851 in
1731 2790 1971 2851 vasculo
1999 2792 2219 2871 vitreo;

206 2869 340 2938 facit
384 2882 544 2941 enim
591 2882 842 2942 mirifice
888 2880 1201 2941 adversum
1246 2881 1521 2959 anginam
1568 2888 1630 2940 et
1675 2878 2033 2958 synanchen.

136 2967 183 3010 ⁸⁰
372 2970 867 3046 Medicamentum
915 2970 986 3029 ad
1025 2970 1318 3050 anginam,
1365 2969 1523 3047 quod
1560 2968 1896 3047 devoratur,
1933 2974 2221 3047 quantum
2259 2979 2290 3029 ’1

209 3047 383 3131 digito
422 3077 542 3120 uno
581 3058 710 3120 tolli
746 3058 836 3118 vel
874 3057 1071 3136 colligi
1107 3064 1321 3139 potest,
1359 3058 1738 3136 componitur
1775 3075 1848 3117 ex
1885 3057 2004 3118 his:
2051 3056 2217 3118 Rhus

209 3134 427 3218 Syriaci
445 3147 674 3210 denarii
697 3148 1022 3226 semissem,
1049 3145 1260 3225 hysopi
1281 3145 1650 3225 tantundem,
1678 3164 1958 3225 ceparum
1979 3145 2216 3225 Cypria·

208 3241 334 3293 rum
387 3238 579 3315 capita
635 3239 773 3316 tria,
829 3235 1038 3296 laseris
1091 3234 1400 3314 Cyrenaici
1454 3243 1741 3313 quantum
1797 3237 1924 3296 ervi
1968 3251 2219 3313 granum

197 3326 315 3412 xest,
361 3327 483 3385 vini
528 3324 681 3385 bene
727 3325 956 3385 odorati
1004 3323 1248 3404 cyathos
1294 3331 1435 3385 tres.
1526 3323 1675 3385 Cum
1722 3325 1860 3383 vino
1911 3340 2091 3402 cepae
2137 3324 2220 3381 ita

342 3535 374 3583 6
421 3530 480 3583 et
517 3534 645 3597 post
687 3529 829 3585 bene
870 3546 971 3585 om.
1152 3534 1186 3583 8
1224 3544 1468 3597 caci-yos.
1651 3533 1718 3582 13
1762 3525 2219 3582 hemndinorum.

215 3596 275 3648 15
312 3600 795 3655 medicamentum.
944 3606 1010 3656 16
1047 3600 1274 3670 oportit.
1419 3604 1488 3653 22
1526 3598 1913 3653 herundinum.
