<?xml version="1.0" encoding="UTF-8"?>
<!DOCTYPE html PUBLIC "-//W3C//DTD XHTML 1.0 Transitional//EN"
    "http://www.w3.org/TR/xhtml1/DTD/xhtml1-transitional.dtd">
<html xmlns="http://www.w3.org/1999/xhtml" xml:lang="en" lang="en">
 <head>
  <title>
</title>
<meta http-equiv="Content-Type" content="text/html;charset=utf-8" />
  <meta name='ocr-system' content='tesseract 3.04.00' />
  <meta name='ocr-capabilities' content='ocr_page ocr_carea ocr_par ocr_line ocrx_word'/>
</head>
<body>
  <div class='ocr_page' id='page_1' title='image "./marcellidemedic00unkngoog_0176.png"; bbox 0 0 2575 4092; ppageno 0'>
   <div class='ocr_carea' id='block_1_1' title="bbox 240 406 273 456">
    <p class='ocr_par' dir='ltr' id='par_1_1' title="bbox 240 406 273 456">
     <span class='ocr_line' id='line_1_1' title="bbox 240 406 273 456; baseline 0 0"><span class='ocrx_word' id='word_1_1' title='bbox 240 406 273 456; x_wconf 88' lang='lat'>8</span> 
     </span>
    </p>
   </div>
   <div class='ocr_carea' id='block_1_2' title="bbox 1077 230 1559 296">
    <p class='ocr_par' dir='ltr' id='par_1_2' title="bbox 1077 230 1559 296">
     <span class='ocr_line' id='line_1_2' title="bbox 1077 230 1559 296; baseline -0.004 0"><span class='ocrx_word' id='word_1_2' title='bbox 1077 267 1152 278; x_wconf 94' lang='lat'><em>—</em></span> <span class='ocrx_word' id='word_1_3' title='bbox 1253 230 1559 296; x_wconf 85' lang='lat'>156—</span> 
     </span>
    </p>
   </div>
   <div class='ocr_carea' id='block_1_3' title="bbox 309 390 2439 3397">
    <p class='ocr_par' dir='ltr' id='par_1_3' title="bbox 309 390 2439 2316">
     <span class='ocr_line' id='line_1_3' title="bbox 488 390 2348 476; baseline -0.002 -21"><span class='ocrx_word' id='word_1_4' title='bbox 488 394 1001 476; x_wconf 83' lang='lat' dir='ltr'><strong>Medicamentum,</strong></span> <span class='ocrx_word' id='word_1_5' title='bbox 1049 394 1206 473; x_wconf 89' lang='lat' dir='ltr'><strong>quod</strong></span> <span class='ocrx_word' id='word_1_6' title='bbox 1252 411 1363 473; x_wconf 90' lang='lat' dir='ltr'><strong>per</strong></span> <span class='ocrx_word' id='word_1_7' title='bbox 1410 392 1752 454; x_wconf 89' lang='lat' dir='ltr'><strong>cocliarium</strong></span> <span class='ocrx_word' id='word_1_8' title='bbox 1799 391 2136 472; x_wconf 88' lang='lat' dir='ltr'><strong>devoratur,</strong></span> <span class='ocrx_word' id='word_1_9' title='bbox 2185 390 2348 451; x_wconf 86' lang='lat' dir='ltr'><strong>bene</strong></span> 
     </span>
     <span class='ocr_line' id='line_1_4' title="bbox 312 481 2345 562; baseline -0.002 -18"><span class='ocrx_word' id='word_1_10' title='bbox 312 484 452 544; x_wconf 84' lang='lat' dir='ltr'><strong>facit</strong></span> <span class='ocrx_word' id='word_1_11' title='bbox 499 484 569 544; x_wconf 95' lang='lat' dir='ltr'><strong>ad</strong></span> <span class='ocrx_word' id='word_1_12' title='bbox 618 493 845 561; x_wconf 85' lang='lat' dir='ltr'><strong>tussem</strong></span> <span class='ocrx_word' id='word_1_13' title='bbox 886 483 1111 543; x_wconf 86' lang='lat' dir='ltr'><strong>aridam</strong></span> <span class='ocrx_word' id='word_1_14' title='bbox 1149 490 1210 543; x_wconf 89' lang='lat' dir='ltr'><strong>et</strong></span> <span class='ocrx_word' id='word_1_15' title='bbox 1248 500 1370 562; x_wconf 77' lang='lat' dir='ltr'><strong>eoS,</strong></span> <span class='ocrx_word' id='word_1_16' title='bbox 1410 485 1510 561; x_wconf 90' lang='lat' dir='ltr'><strong>qui</strong></span> <span class='ocrx_word' id='word_1_17' title='bbox 1548 481 1869 542; x_wconf 85' lang='lat' dir='ltr'><strong>difficulter</strong></span> <span class='ocrx_word' id='word_1_18' title='bbox 1906 481 2201 559; x_wconf 80' lang='lat' dir='ltr'><strong>glutinosa</strong></span> <span class='ocrx_word' id='word_1_19' title='bbox 2240 498 2345 540; x_wconf 81' lang='lat' dir='ltr'><strong>ex-</strong></span> 
     </span>
     <span class='ocr_line' id='line_1_5' title="bbox 311 568 2343 651; baseline -0.002 -18"><span class='ocrx_word' id='word_1_20' title='bbox 311 580 521 633; x_wconf 81' lang='lat' dir='ltr'>creant</span> <span class='ocrx_word' id='word_1_21' title='bbox 558 580 619 633; x_wconf 90' lang='lat' dir='ltr'><strong>et</strong></span> <span class='ocrx_word' id='word_1_22' title='bbox 644 568 978 651; x_wconf 83' lang='lat' dir='ltr'><strong>praefocari</strong></span> <span class='ocrx_word' id='word_1_23' title='bbox 1004 571 1283 632; x_wconf 88' lang='lat' dir='ltr'><strong>videntur</strong></span> <span class='ocrx_word' id='word_1_24' title='bbox 1312 570 1642 651; x_wconf 81' lang='lat' dir='ltr'><strong>interdum3</strong></span> <span class='ocrx_word' id='word_1_25' title='bbox 1680 569 1782 631; x_wconf 92' lang='lat' dir='ltr'><strong>sed</strong></span> <span class='ocrx_word' id='word_1_26' title='bbox 1814 571 2135 649; x_wconf 79' lang='lat' dir='ltr'><strong>praecipue</strong></span> <span class='ocrx_word' id='word_1_27' title='bbox 2162 568 2343 648; x_wconf 88' lang='lat' dir='ltr'><strong>prod-</strong></span> 
     </span>
     <span class='ocr_line' id='line_1_6' title="bbox 311 656 2346 740; baseline -0.002 -19"><span class='ocrx_word' id='word_1_28' title='bbox 311 668 404 722; x_wconf 89' lang='lat' dir='ltr'><strong>est</strong></span> <span class='ocrx_word' id='word_1_29' title='bbox 431 660 544 740; x_wconf 89' lang='lat' dir='ltr'><strong>his,</strong></span> <span class='ocrx_word' id='word_1_30' title='bbox 583 663 689 740; x_wconf 88' lang='lat' dir='ltr'><strong>qui</strong></span> <span class='ocrx_word' id='word_1_31' title='bbox 725 660 988 721; x_wconf 91' lang='lat' dir='ltr'><strong>dolorem</strong></span> <span class='ocrx_word' id='word_1_32' title='bbox 1028 660 1232 721; x_wconf 90' lang='lat' dir='ltr'><strong>lateris</strong></span> <span class='ocrx_word' id='word_1_33' title='bbox 1261 679 1398 729; x_wconf 89' lang='lat' dir='ltr'><strong>cum</strong></span> <span class='ocrx_word' id='word_1_34' title='bbox 1428 657 1594 719; x_wconf 81' lang='lat' dir='ltr'><strong>febre</strong></span> <span class='ocrx_word' id='word_1_35' title='bbox 1624 660 1910 739; x_wconf 90' lang='lat' dir='ltr'><strong>sentiunt,</strong></span> <span class='ocrx_word' id='word_1_36' title='bbox 1948 675 2100 737; x_wconf 88' lang='lat' dir='ltr'><strong>quos</strong></span> <span class='ocrx_word' id='word_1_37' title='bbox 2129 656 2346 718; x_wconf 87' lang='lat' dir='ltr'><strong>Graeci</strong></span> 
     </span>
     <span class='ocr_line' id='line_1_7' title="bbox 309 745 2407 830; baseline -0.003 -20"><span class='ocrx_word' id='word_1_38' title='bbox 309 750 658 830; x_wconf 85' lang='lat' dir='ltr'><strong>pleuriticos</strong></span> <span class='ocrx_word' id='word_1_39' title='bbox 713 749 947 830; x_wconf 77' lang='lat' dir='ltr'><strong>dicunt3</strong></span> <span class='ocrx_word' id='word_1_40' title='bbox 1003 748 1216 810; x_wconf 89' lang='lat' dir='ltr'><strong>liberat</strong></span> <span class='ocrx_word' id='word_1_41' title='bbox 1262 750 1420 809; x_wconf 89' lang='lat' dir='ltr'><strong>enim</strong></span> <span class='ocrx_word' id='word_1_42' title='bbox 1474 750 1637 809; x_wconf 92' lang='lat' dir='ltr'><strong>omni</strong></span> <span class='ocrx_word' id='word_1_43' title='bbox 1679 747 1949 827; x_wconf 88' lang='lat' dir='ltr'><strong>periculo</strong></span> <span class='ocrx_word' id='word_1_44' title='bbox 1997 764 2144 807; x_wconf 67' lang='lat' dir='ltr'><strong>eos.⁴</strong></span> <span class='ocrx_word' id='word_1_45' title='bbox 2209 745 2343 806; x_wconf 90' lang='lat' dir='ltr'><strong>Hoc</strong></span> <span class='ocrx_word' id='word_1_46' title='bbox 2372 760 2407 800; x_wconf 60' lang='grc' dir='ltr'><strong>ὁ</strong></span> 
     </span>
     <span class='ocr_line' id='line_1_8' title="bbox 314 836 2345 918; baseline -0.002 -19"><span class='ocrx_word' id='word_1_47' title='bbox 314 839 811 899; x_wconf 83' lang='lat' dir='ltr'><strong>medicamentum</strong></span> <span class='ocrx_word' id='word_1_48' title='bbox 877 837 1089 918; x_wconf 77' lang='lat' dir='ltr'><strong>Apulei</strong></span> <span class='ocrx_word' id='word_1_49' title='bbox 1152 837 1309 898; x_wconf 85' lang='lat' dir='ltr'><strong>Celsi</strong></span> <span class='ocrx_word' id='word_1_50' title='bbox 1377 837 1490 898; x_wconf 76' lang='lat' dir='ltr'><strong>fuit</strong></span> <span class='ocrx_word' id='word_1_51' title='bbox 1554 843 1616 897; x_wconf 92' lang='lat' dir='ltr'><strong>et</strong></span> <span class='ocrx_word' id='word_1_52' title='bbox 1679 837 2084 915; x_wconf 89' lang='lat' dir='ltr'><strong>praeceptoris</strong></span> <span class='ocrx_word' id='word_1_53' title='bbox 2148 836 2345 895; x_wconf 86' lang='lat' dir='ltr'><strong>nostri</strong></span> 
     </span>
     <span class='ocr_line' id='line_1_9' title="bbox 310 923 2344 1006; baseline -0.001 -21"><span class='ocrx_word' id='word_1_54' title='bbox 310 927 573 989; x_wconf 89' lang='lat' dir='ltr'><strong>Valentis</strong></span> <span class='ocrx_word' id='word_1_55' title='bbox 619 945 730 987; x_wconf 92' lang='lat' dir='ltr'><strong>nec</strong></span> <span class='ocrx_word' id='word_1_56' title='bbox 776 944 1058 1006; x_wconf 89' lang='lat' dir='ltr'><strong>umquam</strong></span> <span class='ocrx_word' id='word_1_57' title='bbox 1105 925 1211 987; x_wconf 86' lang='lat' dir='ltr'><strong>ulli</strong></span> <span class='ocrx_word' id='word_1_58' title='bbox 1256 928 1423 986; x_wconf 85' lang='lat' dir='ltr'><strong>vivus</strong></span> <span class='ocrx_word' id='word_1_59' title='bbox 1461 927 1951 1003; x_wconf 86' lang='lat' dir='ltr'><strong>compositionem</strong></span> <span class='ocrx_word' id='word_1_60' title='bbox 1991 926 2121 984; x_wconf 90' lang='lat' dir='ltr'><strong>eius</strong></span> <span class='ocrx_word' id='word_1_61' title='bbox 2158 923 2344 1003; x_wconf 86' lang='lat' dir='ltr'><strong>dedit,</strong></span> 
     </span>
     <span class='ocr_line' id='line_1_10' title="bbox 312 1015 2343 1096; baseline -0.002 -19"><span class='ocrx_word' id='word_1_62' title='bbox 312 1019 451 1096; x_wconf 87' lang='lat' dir='ltr'><strong>quia</strong></span> <span class='ocrx_word' id='word_1_63' title='bbox 508 1015 976 1094; x_wconf 81' lang='lat' dir='ltr'><strong>magnitudinem</strong></span> <span class='ocrx_word' id='word_1_64' title='bbox 1031 1016 1330 1095; x_wconf 87' lang='lat' dir='ltr'><strong>opinionis</strong></span> <span class='ocrx_word' id='word_1_65' title='bbox 1385 1032 1459 1074; x_wconf 83' lang='lat' dir='ltr'><strong>ex</strong></span> <span class='ocrx_word' id='word_1_66' title='bbox 1519 1032 1588 1074; x_wconf 88' lang='lat' dir='ltr'><strong>ea</strong></span> <span class='ocrx_word' id='word_1_67' title='bbox 1641 1020 1931 1095; x_wconf 83' lang='lat' dir='ltr'><strong>traxerat,</strong></span> <span class='ocrx_word' id='word_1_68' title='bbox 1995 1021 2087 1072; x_wconf 90' lang='lat' dir='ltr'><strong>est</strong></span> <span class='ocrx_word' id='word_1_69' title='bbox 2140 1020 2343 1072; x_wconf 90' lang='lat' dir='ltr'><strong>autem</strong></span> 
     </span>
     <span class='ocr_line' id='line_1_11' title="bbox 311 1100 2341 1184; baseline -0.003 -18"><span class='ocrx_word' id='word_1_70' title='bbox 311 1105 485 1166; x_wconf 87' lang='lat' dir='ltr'><strong>haec:</strong></span> <span class='ocrx_word' id='word_1_71' title='bbox 529 1104 720 1164; x_wconf 88' lang='lat' dir='ltr'><strong>Mellis</strong></span> <span class='ocrx_word' id='word_1_72' title='bbox 766 1103 948 1164; x_wconf 77' lang='lat' dir='ltr'><strong>Attici</strong></span> <span class='ocrx_word' id='word_1_73' title='bbox 993 1103 1222 1184; x_wconf 89' lang='lat' dir='ltr'><strong>libram,</strong></span> <span class='ocrx_word' id='word_1_74' title='bbox 1269 1104 1495 1181; x_wconf 88' lang='lat' dir='ltr'><strong>piperis</strong></span> <span class='ocrx_word' id='word_1_75' title='bbox 1540 1104 1696 1181; x_wconf 83' lang='lat' dir='ltr'><strong>nigri</strong></span> <span class='ocrx_word' id='word_1_76' title='bbox 1734 1101 1786 1161; x_wconf 72' lang='lat' dir='ltr'>X</span> <span class='ocrx_word' id='word_1_77' title='bbox 1822 1100 1895 1181; x_wconf 88' lang='lat'><strong>11,</strong></span> <span class='ocrx_word' id='word_1_78' title='bbox 1943 1119 2174 1180; x_wconf 81' lang='lat' dir='ltr'><strong>myrrae</strong></span> <span class='ocrx_word' id='word_1_79' title='bbox 2211 1107 2341 1160; x_wconf 90' lang='lat' dir='ltr'><strong>tro-</strong></span> 
     </span>
     <span class='ocr_line' id='line_1_12' title="bbox 312 1189 2439 1273; baseline -0.002 -20"><span class='ocrx_word' id='word_1_80' title='bbox 312 1193 643 1273; x_wconf 77' lang='lat' dir='ltr'><strong>glodytidos</strong></span> <span class='ocrx_word' id='word_1_81' title='bbox 690 1201 751 1252; x_wconf 91' lang='lat' dir='ltr'><strong>et</strong></span> <span class='ocrx_word' id='word_1_82' title='bbox 789 1194 979 1252; x_wconf 87' lang='lat' dir='ltr'><strong>casiae</strong></span> <span class='ocrx_word' id='word_1_83' title='bbox 1018 1191 1071 1252; x_wconf 70' lang='grc' dir='ltr'>Χ</span> <span class='ocrx_word' id='word_1_84' title='bbox 1108 1191 1394 1271; x_wconf 89' lang='lat' dir='ltr'><strong>singulos,</strong></span> <span class='ocrx_word' id='word_1_85' title='bbox 1441 1190 1716 1270; x_wconf 84' lang='lat' dir='ltr'><strong>stachyos</strong></span> <span class='ocrx_word' id='word_1_86' title='bbox 1752 1190 1926 1251; x_wconf 88' lang='lat' dir='ltr'><strong>nardi</strong></span> <span class='ocrx_word' id='word_1_87' title='bbox 1962 1189 2014 1249; x_wconf 72' lang='lat' dir='ltr'><strong>X</strong></span> <span class='ocrx_word' id='word_1_88' title='bbox 2050 1190 2095 1269; x_wconf 93' lang='lat' dir='ltr'><strong>I,</strong></span> <span class='ocrx_word' id='word_1_89' title='bbox 2141 1191 2342 1249; x_wconf 89' lang='lat' dir='ltr'><strong>cinna·</strong></span> <span class='ocrx_word' id='word_1_90' title='bbox 2373 1203 2439 1242; x_wconf 78' lang='grc' dir='ltr'><strong>ιο</strong></span> 
     </span>
     <span class='ocr_line' id='line_1_13' title="bbox 313 1278 2345 1358; baseline -0.002 -16"><span class='ocrx_word' id='word_1_91' title='bbox 313 1284 495 1342; x_wconf 92' lang='lat' dir='ltr'><strong>momi</strong></span> <span class='ocrx_word' id='word_1_92' title='bbox 549 1279 965 1341; x_wconf 89' lang='lat' dir='ltr'><strong>hemiobolum.</strong></span> <span class='ocrx_word' id='word_1_93' title='bbox 1059 1279 1231 1350; x_wconf 87' lang='lat' dir='ltr'><strong>Quod</strong></span> <span class='ocrx_word' id='word_1_94' title='bbox 1290 1281 1344 1340; x_wconf 92' lang='lat' dir='ltr'><strong>si</strong></span> <span class='ocrx_word' id='word_1_95' title='bbox 1388 1297 1509 1339; x_wconf 90' lang='lat' dir='ltr'><strong>non</strong></span> <span class='ocrx_word' id='word_1_96' title='bbox 1554 1278 1836 1340; x_wconf 89' lang='lat' dir='ltr'><strong>habueris</strong></span> <span class='ocrx_word' id='word_1_97' title='bbox 1881 1281 2345 1358; x_wconf 81' lang='lat' dir='ltr'><strong>cinnamomum,</strong></span> 
     </span>
     <span class='ocr_line' id='line_1_14' title="bbox 312 1366 2345 1449; baseline -0.002 -19"><span class='ocrx_word' id='word_1_98' title='bbox 312 1371 613 1449; x_wconf 90' lang='lat' dir='ltr'><strong>duplicem</strong></span> <span class='ocrx_word' id='word_1_99' title='bbox 666 1371 885 1430; x_wconf 91' lang='lat' dir='ltr'><strong>casiam</strong></span> <span class='ocrx_word' id='word_1_100' title='bbox 940 1371 1187 1449; x_wconf 84' lang='lat' dir='ltr'><strong>coicies3</strong></span> <span class='ocrx_word' id='word_1_101' title='bbox 1242 1370 1414 1447; x_wconf 88' lang='lat' dir='ltr'><strong>piper</strong></span> <span class='ocrx_word' id='word_1_102' title='bbox 1469 1369 1856 1428; x_wconf 87' lang='lat' dir='ltr'><strong>contunditur</strong></span> <span class='ocrx_word' id='word_1_103' title='bbox 1911 1366 2226 1446; x_wconf 85' lang='lat' dir='ltr'><strong>diligenter</strong></span> <span class='ocrx_word' id='word_1_104' title='bbox 2280 1375 2345 1426; x_wconf 87' lang='lat' dir='ltr'><strong>et</strong></span> 
     </span>
     <span class='ocr_line' id='line_1_15' title="bbox 313 1458 2342 1539; baseline -0.003 -19"><span class='ocrx_word' id='word_1_105' title='bbox 313 1459 638 1539; x_wconf 89' lang='lat' dir='ltr'><strong>cribratur,</strong></span> <span class='ocrx_word' id='word_1_106' title='bbox 685 1475 882 1537; x_wconf 78' lang='lat' dir='ltr'><strong>myrra</strong></span> <span class='ocrx_word' id='word_1_107' title='bbox 929 1459 1147 1519; x_wconf 88' lang='lat' dir='ltr'><strong>teritur</strong></span> <span class='ocrx_word' id='word_1_108' title='bbox 1193 1458 1478 1517; x_wconf 89' lang='lat' dir='ltr'><strong>mortario</strong></span> <span class='ocrx_word' id='word_1_109' title='bbox 1525 1474 1876 1536; x_wconf 90' lang='lat' dir='ltr'><strong>marmoreo,</strong></span> <span class='ocrx_word' id='word_1_110' title='bbox 1926 1464 2133 1534; x_wconf 88' lang='lat' dir='ltr'><strong>postea</strong></span> <span class='ocrx_word' id='word_1_111' title='bbox 2177 1462 2342 1516; x_wconf 89' lang='lat' dir='ltr'><strong>utra·</strong></span> 
     </span>
     <span class='ocr_line' id='line_1_16' title="bbox 314 1545 2344 1627; baseline -0.002 -18"><span class='ocrx_word' id='word_1_112' title='bbox 314 1567 427 1627; x_wconf 87' lang='lat' dir='ltr'><strong>que</strong></span> <span class='ocrx_word' id='word_1_113' title='bbox 476 1549 538 1609; x_wconf 91' lang='lat' dir='ltr'><strong>in</strong></span> <span class='ocrx_word' id='word_1_114' title='bbox 584 1565 771 1608; x_wconf 91' lang='lat' dir='ltr'><strong>unum</strong></span> <span class='ocrx_word' id='word_1_115' title='bbox 817 1548 1174 1627; x_wconf 84' lang='lat' dir='ltr'><strong>miscentur,</strong></span> <span class='ocrx_word' id='word_1_116' title='bbox 1229 1545 1443 1606; x_wconf 89' lang='lat' dir='ltr'><strong>deinde</strong></span> <span class='ocrx_word' id='word_1_117' title='bbox 1499 1545 1691 1605; x_wconf 88' lang='lat' dir='ltr'><strong>mellis</strong></span> <span class='ocrx_word' id='word_1_118' title='bbox 1747 1547 1955 1623; x_wconf 91' lang='lat' dir='ltr'><strong>optimi</strong></span> <span class='ocrx_word' id='word_1_119' title='bbox 2004 1545 2344 1622; x_wconf 90' lang='lat' dir='ltr'><strong>despumati</strong></span> 
     </span>
     <span class='ocr_line' id='line_1_17' title="bbox 312 1632 2436 1716; baseline -0.004 -19"><span class='ocrx_word' id='word_1_120' title='bbox 312 1638 571 1698; x_wconf 89' lang='lat' dir='ltr'><strong>adicitur</strong></span> <span class='ocrx_word' id='word_1_121' title='bbox 618 1643 905 1714; x_wconf 89' lang='lat' dir='ltr'><strong>quantum</strong></span> <span class='ocrx_word' id='word_1_122' title='bbox 953 1635 1227 1716; x_wconf 85' lang='lat' dir='ltr'><strong>sufficiat,</strong></span> <span class='ocrx_word' id='word_1_123' title='bbox 1282 1641 1352 1695; x_wconf 91' lang='lat' dir='ltr'><strong>ut</strong></span> <span class='ocrx_word' id='word_1_124' title='bbox 1400 1635 1478 1694; x_wconf 91' lang='lat' dir='ltr'><strong>sit</strong></span> <span class='ocrx_word' id='word_1_125' title='bbox 1513 1632 2053 1712; x_wconf 87' lang='lat' dir='ltr'><strong>pseudoliquidum.</strong></span> <span class='ocrx_word' id='word_1_126' title='bbox 2112 1633 2343 1693; x_wconf 90' lang='lat' dir='ltr'><strong>Dantur</strong></span> <span class='ocrx_word' id='word_1_127' title='bbox 2372 1647 2436 1688; x_wconf 74' lang='lat'><strong>15</strong></span> 
     </span>
     <span class='ocr_line' id='line_1_18' title="bbox 312 1721 2344 1803; baseline -0.002 -18"><span class='ocrx_word' id='word_1_128' title='bbox 312 1726 451 1786; x_wconf 91' lang='lat' dir='ltr'><strong>inde</strong></span> <span class='ocrx_word' id='word_1_129' title='bbox 507 1726 750 1785; x_wconf 91' lang='lat' dir='ltr'><strong>tussicis</strong></span> <span class='ocrx_word' id='word_1_130' title='bbox 807 1724 1083 1784; x_wconf 90' lang='lat' dir='ltr'><strong>cocliaria</strong></span> <span class='ocrx_word' id='word_1_131' title='bbox 1139 1725 1319 1803; x_wconf 90' lang='lat' dir='ltr'><strong>quina</strong></span> <span class='ocrx_word' id='word_1_132' title='bbox 1375 1721 1469 1782; x_wconf 82' lang='lat' dir='ltr'><strong>vel</strong></span> <span class='ocrx_word' id='word_1_133' title='bbox 1533 1740 1703 1802; x_wconf 90' lang='lat' dir='ltr'><strong>sena,</strong></span> <span class='ocrx_word' id='word_1_134' title='bbox 1766 1721 2099 1800; x_wconf 88' lang='lat' dir='ltr'><strong>pleuriticis</strong></span> <span class='ocrx_word' id='word_1_135' title='bbox 2162 1722 2344 1781; x_wconf 86' lang='lat' dir='ltr'><strong>etiam</strong></span> 
     </span>
     <span class='ocr_line' id='line_1_19' title="bbox 311 1808 2343 1892; baseline -0.002 -18"><span class='ocrx_word' id='word_1_136' title='bbox 311 1814 485 1892; x_wconf 82' lang='lat' dir='ltr'><strong>plura</strong></span> <span class='ocrx_word' id='word_1_137' title='bbox 532 1820 592 1873; x_wconf 90' lang='lat' dir='ltr'><strong>et</strong></span> <span class='ocrx_word' id='word_1_138' title='bbox 638 1815 893 1892; x_wconf 78' lang='lat' dir='ltr'><strong>saepiuS,</strong></span> <span class='ocrx_word' id='word_1_139' title='bbox 940 1812 1044 1872; x_wconf 91' lang='lat' dir='ltr'><strong>sed</strong></span> <span class='ocrx_word' id='word_1_140' title='bbox 1082 1811 1413 1891; x_wconf 90' lang='lat' dir='ltr'><strong>intervallo,</strong></span> <span class='ocrx_word' id='word_1_141' title='bbox 1459 1810 1573 1870; x_wconf 92' lang='lat' dir='ltr'><strong>hoc</strong></span> <span class='ocrx_word' id='word_1_142' title='bbox 1621 1819 1713 1871; x_wconf 89' lang='lat' dir='ltr'><strong>est</strong></span> <span class='ocrx_word' id='word_1_143' title='bbox 1758 1829 1879 1871; x_wconf 89' lang='lat' dir='ltr'><strong>non</strong></span> <span class='ocrx_word' id='word_1_144' title='bbox 1926 1808 2104 1871; x_wconf 92' lang='lat' dir='ltr'><strong>simul</strong></span> <span class='ocrx_word' id='word_1_145' title='bbox 2147 1812 2343 1870; x_wconf 88' lang='lat' dir='ltr'><strong>omnia</strong></span> 
     </span>
     <span class='ocr_line' id='line_1_20' title="bbox 312 1898 2348 1981; baseline -0.002 -19"><span class='ocrx_word' id='word_1_146' title='bbox 312 1902 442 1963; x_wconf 90' lang='lat' dir='ltr'><strong>dari</strong></span> <span class='ocrx_word' id='word_1_147' title='bbox 497 1908 733 1981; x_wconf 89' lang='lat' dir='ltr'><strong>oportet</strong></span> <span class='ocrx_word' id='word_1_148' title='bbox 790 1910 850 1961; x_wconf 91' lang='lat' dir='ltr'><strong>et</strong></span> <span class='ocrx_word' id='word_1_149' title='bbox 895 1908 1023 1961; x_wconf 92' lang='lat' dir='ltr'><strong>tum</strong></span> <span class='ocrx_word' id='word_1_150' title='bbox 1070 1903 1343 1980; x_wconf 83' lang='lat' dir='ltr'><strong>maxime,</strong></span> <span class='ocrx_word' id='word_1_151' title='bbox 1389 1917 1526 1960; x_wconf 92' lang='lat' dir='ltr'><strong>cum</strong></span> <span class='ocrx_word' id='word_1_152' title='bbox 1583 1901 1850 1960; x_wconf 89' lang='lat' dir='ltr'><strong>tussiunt</strong></span> <span class='ocrx_word' id='word_1_153' title='bbox 1904 1906 1965 1960; x_wconf 91' lang='lat' dir='ltr'><strong>et</strong></span> <span class='ocrx_word' id='word_1_154' title='bbox 2009 1898 2348 1977; x_wconf 81' lang='lat' dir='ltr'><strong>praefocari</strong></span> 
     </span>
     <span class='ocr_line' id='line_1_21' title="bbox 312 1989 2346 2069; baseline -0.003 -17"><span class='ocrx_word' id='word_1_155' title='bbox 312 1991 591 2052; x_wconf 88' lang='lat' dir='ltr'><strong>videntur</strong></span> <span class='ocrx_word' id='word_1_156' title='bbox 636 1989 1077 2067; x_wconf 82' lang='lat' dir='ltr'><strong>difficulterque</strong></span> <span class='ocrx_word' id='word_1_157' title='bbox 1125 1992 1356 2069; x_wconf 89' lang='lat' dir='ltr'><strong>spirant</strong></span> <span class='ocrx_word' id='word_1_158' title='bbox 1409 1990 1531 2048; x_wconf 90' lang='lat' dir='ltr'><strong>sive</strong></span> <span class='ocrx_word' id='word_1_159' title='bbox 1580 1989 1757 2048; x_wconf 89' lang='lat' dir='ltr'><strong>etiam</strong></span> <span class='ocrx_word' id='word_1_160' title='bbox 1805 2006 1923 2048; x_wconf 93' lang='lat' dir='ltr'><strong>non</strong></span> <span class='ocrx_word' id='word_1_161' title='bbox 1970 1989 2238 2048; x_wconf 89' lang='lat' dir='ltr'><strong>tussiunt</strong></span> <span class='ocrx_word' id='word_1_162' title='bbox 2281 1995 2346 2046; x_wconf 90' lang='lat' dir='ltr'><strong>et</strong></span> 
     </span>
     <span class='ocr_line' id='line_1_22' title="bbox 311 2074 2432 2158; baseline -0.001 -19"><span class='ocrx_word' id='word_1_163' title='bbox 311 2079 524 2158; x_wconf 84' lang='lat' dir='ltr'><strong>flegma</strong></span> <span class='ocrx_word' id='word_1_164' title='bbox 578 2077 694 2138; x_wconf 93' lang='lat' dir='ltr'><strong>illis</strong></span> <span class='ocrx_word' id='word_1_165' title='bbox 750 2080 1005 2138; x_wconf 88' lang='lat' dir='ltr'><strong>interius</strong></span> <span class='ocrx_word' id='word_1_166' title='bbox 1060 2079 1366 2156; x_wconf 87' lang='lat' dir='ltr'><strong>coquitur,</strong></span> <span class='ocrx_word' id='word_1_167' title='bbox 1421 2077 1550 2137; x_wconf 90' lang='lat' dir='ltr'><strong>dari</strong></span> <span class='ocrx_word' id='word_1_168' title='bbox 1595 2074 1801 2156; x_wconf 78' lang='lat' dir='ltr'><strong>debet-3</strong></span> <span class='ocrx_word' id='word_1_169' title='bbox 1857 2078 2133 2154; x_wconf 88' lang='lat' dir='ltr'><strong>protinus</strong></span> <span class='ocrx_word' id='word_1_170' title='bbox 2179 2077 2343 2136; x_wconf 90' lang='lat' dir='ltr'><strong>enim</strong></span> <span class='ocrx_word' id='word_1_171' title='bbox 2371 2089 2432 2129; x_wconf 78' lang='lat'><strong>20</strong></span> 
     </span>
     <span class='ocr_line' id='line_1_23' title="bbox 312 2164 2346 2245; baseline -0.002 -17"><span class='ocrx_word' id='word_1_172' title='bbox 312 2173 611 2245; x_wconf 88' lang='lat' dir='ltr'><strong>excreant,</strong></span> <span class='ocrx_word' id='word_1_173' title='bbox 649 2184 799 2244; x_wconf 88' lang='lat' dir='ltr'><strong>quae</strong></span> <span class='ocrx_word' id='word_1_174' title='bbox 829 2165 1085 2245; x_wconf 77' lang='lat' dir='ltr'><strong>obstant,</strong></span> <span class='ocrx_word' id='word_1_175' title='bbox 1124 2172 1185 2224; x_wconf 90' lang='lat' dir='ltr'><strong>et</strong></span> <span class='ocrx_word' id='word_1_176' title='bbox 1220 2167 1538 2225; x_wconf 84' lang='lat' dir='ltr'><strong>transitum</strong></span> <span class='ocrx_word' id='word_1_177' title='bbox 1577 2166 1826 2242; x_wconf 90' lang='lat' dir='ltr'><strong>spiritus</strong></span> <span class='ocrx_word' id='word_1_178' title='bbox 1863 2164 2084 2225; x_wconf 89' lang='lat' dir='ltr'><strong>hahent</strong></span> <span class='ocrx_word' id='word_1_179' title='bbox 2121 2172 2182 2225; x_wconf 90' lang='lat' dir='ltr'><strong>et</strong></span> <span class='ocrx_word' id='word_1_180' title='bbox 2218 2172 2346 2224; x_wconf 88' lang='lat' dir='ltr'><strong>tus-</strong></span> 
     </span>
     <span class='ocr_line' id='line_1_24' title="bbox 312 2255 780 2316; baseline -0.002 0"><span class='ocrx_word' id='word_1_181' title='bbox 312 2257 431 2316; x_wconf 90' lang='lat' dir='ltr'><strong>sire</strong></span> <span class='ocrx_word' id='word_1_182' title='bbox 479 2255 780 2315; x_wconf 90' lang='lat' dir='ltr'><strong>desinunt.</strong></span> 
     </span>
    </p>

    <p class='ocr_par' dir='ltr' id='par_1_4' title="bbox 310 2340 2431 3397">
     <span class='ocr_line' id='line_1_25' title="bbox 489 2340 2347 2403; baseline -0.001 -1"><span class='ocrx_word' id='word_1_183' title='bbox 489 2342 758 2403; x_wconf 88' lang='lat' dir='ltr'><strong>Alterum</strong></span> <span class='ocrx_word' id='word_1_184' title='bbox 804 2341 1304 2402; x_wconf 87' lang='lat' dir='ltr'><strong>medicamentum</strong></span> <span class='ocrx_word' id='word_1_185' title='bbox 1351 2340 1422 2401; x_wconf 89' lang='lat' dir='ltr'><strong>ad</strong></span> <span class='ocrx_word' id='word_1_186' title='bbox 1470 2347 1697 2402; x_wconf 90' lang='lat' dir='ltr'><strong>tussem</strong></span> <span class='ocrx_word' id='word_1_187' title='bbox 1747 2342 1971 2402; x_wconf 89' lang='lat' dir='ltr'><strong>aridam</strong></span> <span class='ocrx_word' id='word_1_188' title='bbox 2025 2341 2347 2402; x_wconf 84' lang='lat' dir='ltr'><strong>conficitur</strong></span> 
     </span>
     <span class='ocr_line' id='line_1_26' title="bbox 313 2427 2346 2512; baseline -0.001 -19"><span class='ocrx_word' id='word_1_189' title='bbox 313 2434 429 2493; x_wconf 89' lang='lat' dir='ltr'><strong>sic:</strong></span> <span class='ocrx_word' id='word_1_190' title='bbox 475 2427 757 2492; x_wconf 85' lang='lat' dir='ltr'><strong>Nasturci</strong></span> <span class='ocrx_word' id='word_1_191' title='bbox 802 2432 1047 2490; x_wconf 88' lang='lat' dir='ltr'><strong>animati</strong></span> <span class='ocrx_word' id='word_1_192' title='bbox 1090 2432 1336 2490; x_wconf 88' lang='lat' dir='ltr'><strong>seminis</strong></span> <span class='ocrx_word' id='word_1_193' title='bbox 1386 2431 1643 2512; x_wconf 91' lang='lat' dir='ltr'><strong>unciam,</strong></span> <span class='ocrx_word' id='word_1_194' title='bbox 1690 2429 1896 2491; x_wconf 92' lang='lat' dir='ltr'><strong>alterci</strong></span> <span class='ocrx_word' id='word_1_195' title='bbox 1941 2431 2187 2490; x_wconf 88' lang='lat' dir='ltr'><strong>seminis</strong></span> <span class='ocrx_word' id='word_1_196' title='bbox 2234 2448 2346 2491; x_wconf 86' lang='lat' dir='ltr'><strong>un-</strong></span> 
     </span>
     <span class='ocr_line' id='line_1_27' title="bbox 312 2518 2431 2602; baseline -0.001 -21"><span class='ocrx_word' id='word_1_197' title='bbox 312 2523 490 2602; x_wconf 90' lang='lat' dir='ltr'><strong>ciam,</strong></span> <span class='ocrx_word' id='word_1_198' title='bbox 546 2522 647 2599; x_wconf 91' lang='lat' dir='ltr'><strong>opi</strong></span> <span class='ocrx_word' id='word_1_199' title='bbox 693 2519 743 2579; x_wconf 71' lang='lat' dir='ltr'><strong>X</strong></span> <span class='ocrx_word' id='word_1_200' title='bbox 780 2519 832 2600; x_wconf 90' lang='lat'><strong>1,</strong></span> <span class='ocrx_word' id='word_1_201' title='bbox 889 2537 1121 2599; x_wconf 82' lang='lat' dir='ltr'><strong>myrrae</strong></span> <span class='ocrx_word' id='word_1_202' title='bbox 1182 2520 1575 2597; x_wconf 88' lang='lat' dir='ltr'><strong>semunciam,</strong></span> <span class='ocrx_word' id='word_1_203' title='bbox 1633 2518 1879 2580; x_wconf 83' lang='lat' dir='ltr'><strong>sulfuris</strong></span> <span class='ocrx_word' id='word_1_204' title='bbox 1933 2520 2051 2578; x_wconf 83' lang='lat' dir='ltr'><strong>vivi</strong></span> <span class='ocrx_word' id='word_1_205' title='bbox 2105 2536 2345 2579; x_wconf 83' lang='lat' dir='ltr'><strong>semun·</strong></span> <span class='ocrx_word' id='word_1_206' title='bbox 2373 2530 2431 2571; x_wconf 74' lang='lat'><strong>2⁵</strong></span> 
     </span>
     <span class='ocr_line' id='line_1_28' title="bbox 312 2605 2346 2691; baseline -0.001 -21"><span class='ocrx_word' id='word_1_207' title='bbox 312 2611 491 2687; x_wconf 90' lang='lat' dir='ltr'><strong>ciam,</strong></span> <span class='ocrx_word' id='word_1_208' title='bbox 545 2611 773 2687; x_wconf 89' lang='lat' dir='ltr'><strong>piperis</strong></span> <span class='ocrx_word' id='word_1_209' title='bbox 827 2607 945 2668; x_wconf 88' lang='lat' dir='ltr'><strong>albi</strong></span> <span class='ocrx_word' id='word_1_210' title='bbox 999 2609 1255 2668; x_wconf 89' lang='lat' dir='ltr'><strong>unciam.</strong></span> <span class='ocrx_word' id='word_1_211' title='bbox 1300 2687 1304 2691; x_wconf 73' lang='lat'><strong>.</strong></span> <span class='ocrx_word' id='word_1_212' title='bbox 1345 2605 1517 2667; x_wconf 89' lang='lat' dir='ltr'><strong>Melle</strong></span> <span class='ocrx_word' id='word_1_213' title='bbox 1574 2607 1875 2686; x_wconf 85' lang='lat' dir='ltr'><strong>colligitur</strong></span> <span class='ocrx_word' id='word_1_214' title='bbox 1929 2607 2042 2668; x_wconf 91' lang='lat' dir='ltr'><strong>hoc</strong></span> <span class='ocrx_word' id='word_1_215' title='bbox 2087 2606 2346 2667; x_wconf 90' lang='lat' dir='ltr'><strong>medica-</strong></span> 
     </span>
     <span class='ocr_line' id='line_1_29' title="bbox 312 2694 2345 2778; baseline -0.001 -20"><span class='ocrx_word' id='word_1_216' title='bbox 312 2704 606 2778; x_wconf 89' lang='lat' dir='ltr'><strong>mentum,</strong></span> <span class='ocrx_word' id='word_1_217' title='bbox 662 2697 839 2758; x_wconf 92' lang='lat' dir='ltr'><strong>datur</strong></span> <span class='ocrx_word' id='word_1_218' title='bbox 886 2695 1052 2757; x_wconf 82' lang='lat' dir='ltr'><strong>sabae</strong></span> <span class='ocrx_word' id='word_1_219' title='bbox 1099 2696 1491 2775; x_wconf 77' lang='lat' dir='ltr'><strong>Aegyptiacae</strong></span> <span class='ocrx_word' id='word_1_220' title='bbox 1542 2696 1949 2774; x_wconf 87' lang='lat' dir='ltr'><strong>magnitudine</strong></span> <span class='ocrx_word' id='word_1_221' title='bbox 1997 2713 2068 2755; x_wconf 82' lang='lat' dir='ltr'><strong>ex</strong></span> <span class='ocrx_word' id='word_1_222' title='bbox 2114 2694 2345 2775; x_wconf 78' lang='lat' dir='ltr'><strong>cyathis</strong></span> 
     </span>
     <span class='ocr_line' id='line_1_30' title="bbox 311 2782 2344 2865; baseline -0.001 -19"><span class='ocrx_word' id='word_1_223' title='bbox 311 2804 498 2865; x_wconf 89' lang='lat' dir='ltr'><strong>aquae</strong></span> <span class='ocrx_word' id='word_1_224' title='bbox 545 2785 766 2846; x_wconf 87' lang='lat' dir='ltr'><strong>calidae</strong></span> <span class='ocrx_word' id='word_1_225' title='bbox 812 2784 1009 2846; x_wconf 89' lang='lat' dir='ltr'><strong>trihus</strong></span> <span class='ocrx_word' id='word_1_226' title='bbox 1055 2787 1118 2844; x_wconf 89' lang='lat' dir='ltr'><strong>in</strong></span> <span class='ocrx_word' id='word_1_227' title='bbox 1164 2791 1419 2845; x_wconf 89' lang='lat' dir='ltr'><strong>noctem.</strong></span> <span class='ocrx_word' id='word_1_228' title='bbox 1492 2782 1660 2845; x_wconf 90' lang='lat' dir='ltr'><strong>Facit</strong></span> <span class='ocrx_word' id='word_1_229' title='bbox 1702 2793 1901 2845; x_wconf 88' lang='lat' dir='ltr'><strong>autem</strong></span> <span class='ocrx_word' id='word_1_230' title='bbox 1938 2784 2051 2844; x_wconf 91' lang='lat' dir='ltr'><strong>hoc</strong></span> <span class='ocrx_word' id='word_1_231' title='bbox 2087 2784 2344 2844; x_wconf 89' lang='lat' dir='ltr'><strong>medica-</strong></span> 
     </span>
     <span class='ocr_line' id='line_1_31' title="bbox 310 2871 2345 2936; baseline -0.001 0"><span class='ocrx_word' id='word_1_232' title='bbox 310 2883 578 2936; x_wconf 87' lang='lat' dir='ltr'><strong>mentum</strong></span> <span class='ocrx_word' id='word_1_233' title='bbox 626 2880 688 2934; x_wconf 90' lang='lat' dir='ltr'><strong>et</strong></span> <span class='ocrx_word' id='word_1_234' title='bbox 733 2874 803 2934; x_wconf 89' lang='lat' dir='ltr'><strong>ad</strong></span> <span class='ocrx_word' id='word_1_235' title='bbox 851 2872 1055 2934; x_wconf 88' lang='lat' dir='ltr'><strong>lateris</strong></span> <span class='ocrx_word' id='word_1_236' title='bbox 1102 2872 1370 2933; x_wconf 88' lang='lat' dir='ltr'><strong>dolorem</strong></span> <span class='ocrx_word' id='word_1_237' title='bbox 1418 2880 1477 2933; x_wconf 90' lang='lat' dir='ltr'><strong>et</strong></span> <span class='ocrx_word' id='word_1_238' title='bbox 1522 2872 1597 2932; x_wconf 88' lang='lat' dir='ltr'><strong>ad</strong></span> <span class='ocrx_word' id='word_1_239' title='bbox 1640 2872 1930 2934; x_wconf 84' lang='lat' dir='ltr'><strong>stomachi</strong></span> <span class='ocrx_word' id='word_1_240' title='bbox 1975 2871 2345 2933; x_wconf 88' lang='lat' dir='ltr'><strong>inflationem</strong></span> 
     </span>
     <span class='ocr_line' id='line_1_32' title="bbox 311 2961 2428 3043; baseline 0 -21"><span class='ocrx_word' id='word_1_241' title='bbox 311 2964 817 3043; x_wconf 86' lang='lat' dir='ltr'><strong>gravidinemque,</strong></span> <span class='ocrx_word' id='word_1_242' title='bbox 863 2961 1138 3023; x_wconf 91' lang='lat' dir='ltr'><strong>coeliacis</strong></span> <span class='ocrx_word' id='word_1_243' title='bbox 1185 2980 1451 3043; x_wconf 87' lang='lat' dir='ltr'><strong>quoque,</strong></span> <span class='ocrx_word' id='word_1_244' title='bbox 1499 2962 1603 3040; x_wconf 91' lang='lat' dir='ltr'><strong>qui</strong></span> <span class='ocrx_word' id='word_1_245' title='bbox 1650 2962 1846 3024; x_wconf 88' lang='lat' dir='ltr'><strong>subito</strong></span> <span class='ocrx_word' id='word_1_246' title='bbox 1895 2964 2172 3022; x_wconf 90' lang='lat' dir='ltr'><strong>universa</strong></span> <span class='ocrx_word' id='word_1_247' title='bbox 2219 2961 2341 3022; x_wconf 92' lang='lat' dir='ltr'><strong>dei·</strong></span> <span class='ocrx_word' id='word_1_248' title='bbox 2370 2975 2428 3015; x_wconf 75' lang='lat'><strong>³⁰</strong></span> 
     </span>
     <span class='ocr_line' id='line_1_33' title="bbox 312 3049 2343 3132; baseline 0 -22"><span class='ocrx_word' id='word_1_249' title='bbox 312 3053 497 3132; x_wconf 90' lang='lat' dir='ltr'><strong>ciunt,</strong></span> <span class='ocrx_word' id='word_1_250' title='bbox 552 3051 800 3131; x_wconf 89' lang='lat' dir='ltr'><strong>prodest</strong></span> <span class='ocrx_word' id='word_1_251' title='bbox 853 3058 913 3112; x_wconf 91' lang='lat' dir='ltr'><strong>et</strong></span> <span class='ocrx_word' id='word_1_252' title='bbox 958 3051 1180 3111; x_wconf 91' lang='lat' dir='ltr'><strong>dolenti</strong></span> <span class='ocrx_word' id='word_1_253' title='bbox 1248 3051 1693 3130; x_wconf 88' lang='lat' dir='ltr'><strong>superpositum</strong></span> <span class='ocrx_word' id='word_1_254' title='bbox 1756 3050 1850 3111; x_wconf 83' lang='lat' dir='ltr'><strong>vel</strong></span> <span class='ocrx_word' id='word_1_255' title='bbox 1905 3049 2343 3111; x_wconf 91' lang='lat' dir='ltr'><strong>circumdatum</strong></span> 
     </span>
     <span class='ocr_line' id='line_1_34' title="bbox 312 3138 2346 3219; baseline 0 -20"><span class='ocrx_word' id='word_1_256' title='bbox 312 3140 478 3200; x_wconf 89' lang='lat' dir='ltr'><strong>denti</strong></span> <span class='ocrx_word' id='word_1_257' title='bbox 537 3148 600 3201; x_wconf 91' lang='lat' dir='ltr'><strong>et</strong></span> <span class='ocrx_word' id='word_1_258' title='bbox 654 3142 706 3200; x_wconf 88' lang='lat' dir='ltr'><strong>si</strong></span> <span class='ocrx_word' id='word_1_259' title='bbox 762 3158 978 3200; x_wconf 86' lang='lat' dir='ltr'><strong>exesus</strong></span> <span class='ocrx_word' id='word_1_260' title='bbox 1033 3146 1150 3219; x_wconf 91' lang='lat' dir='ltr'><strong>est,</strong></span> <span class='ocrx_word' id='word_1_261' title='bbox 1205 3141 1267 3199; x_wconf 90' lang='lat' dir='ltr'><strong>in</strong></span> <span class='ocrx_word' id='word_1_262' title='bbox 1315 3157 1631 3201; x_wconf 85' lang='lat' dir='ltr'><strong>cavernam</strong></span> <span class='ocrx_word' id='word_1_263' title='bbox 1678 3141 1809 3200; x_wconf 91' lang='lat' dir='ltr'><strong>eius</strong></span> <span class='ocrx_word' id='word_1_264' title='bbox 1853 3141 2146 3200; x_wconf 90' lang='lat' dir='ltr'><strong>insertum</strong></span> <span class='ocrx_word' id='word_1_265' title='bbox 2194 3138 2346 3199; x_wconf 91' lang='lat' dir='ltr'><strong>utile</strong></span> 
     </span>
     <span class='ocr_line' id='line_1_35' title="bbox 311 3226 2345 3308; baseline -0 -19"><span class='ocrx_word' id='word_1_266' title='bbox 311 3236 428 3308; x_wconf 86' lang='lat' dir='ltr'><strong>est3</strong></span> <span class='ocrx_word' id='word_1_267' title='bbox 475 3235 784 3308; x_wconf 89' lang='lat' dir='ltr'><strong>praeterea</strong></span> <span class='ocrx_word' id='word_1_268' title='bbox 830 3229 901 3289; x_wconf 92' lang='lat' dir='ltr'><strong>ad</strong></span> <span class='ocrx_word' id='word_1_269' title='bbox 948 3227 1231 3288; x_wconf 89' lang='lat' dir='ltr'><strong>horrores</strong></span> <span class='ocrx_word' id='word_1_270' title='bbox 1278 3226 1505 3288; x_wconf 84' lang='lat' dir='ltr'><strong>febrem</strong></span> <span class='ocrx_word' id='word_1_271' title='bbox 1542 3228 1990 3308; x_wconf 82' lang='lat' dir='ltr'><strong>praecedenteS,</strong></span> <span class='ocrx_word' id='word_1_272' title='bbox 2036 3245 2188 3306; x_wconf 91' lang='lat' dir='ltr'><strong>quae</strong></span> <span class='ocrx_word' id='word_1_273' title='bbox 2229 3229 2345 3288; x_wconf 91' lang='lat' dir='ltr'><strong>cir-</strong></span> 
     </span>
     <span class='ocr_line' id='line_1_36' title="bbox 312 3315 2345 3397; baseline -0.001 -19"><span class='ocrx_word' id='word_1_274' title='bbox 312 3321 542 3379; x_wconf 88' lang='lat' dir='ltr'><strong>cuitum</strong></span> <span class='ocrx_word' id='word_1_275' title='bbox 585 3317 791 3397; x_wconf 89' lang='lat' dir='ltr'><strong>hahet,</strong></span> <span class='ocrx_word' id='word_1_276' title='bbox 837 3317 1042 3377; x_wconf 91' lang='lat' dir='ltr'><strong>datum</strong></span> <span class='ocrx_word' id='word_1_277' title='bbox 1088 3325 1223 3378; x_wconf 90' lang='lat' dir='ltr'><strong>ante</strong></span> <span class='ocrx_word' id='word_1_278' title='bbox 1278 3315 1489 3377; x_wconf 90' lang='lat' dir='ltr'><strong>horam</strong></span> <span class='ocrx_word' id='word_1_279' title='bbox 1544 3319 1903 3377; x_wconf 90' lang='lat' dir='ltr'><strong>accessionis</strong></span> <span class='ocrx_word' id='word_1_280' title='bbox 1954 3316 2345 3378; x_wconf 89' lang='lat' dir='ltr'><strong>utilissimum</strong></span> 
     </span>
    </p>
   </div>
   <div class='ocr_carea' id='block_1_4' title="bbox 311 3521 2342 3662">
    <p class='ocr_par' dir='ltr' id='par_1_5' title="bbox 311 3521 2342 3662">
     <span class='ocr_line' id='line_1_37' title="bbox 453 3521 2342 3592; baseline -0.001 -15"><span class='ocrx_word' id='word_1_281' title='bbox 453 3529 487 3577; x_wconf 79' lang='lat'>2</span> <span class='ocrx_word' id='word_1_282' title='bbox 524 3523 850 3592; x_wconf 85' lang='lat' dir='ltr'><strong>gluttinosa..</strong></span> <span class='ocrx_word' id='word_1_283' title='bbox 943 3528 976 3577; x_wconf 81' lang='lat'>5</span> <span class='ocrx_word' id='word_1_284' title='bbox 1013 3522 1345 3592; x_wconf 84' lang='lat' dir='ltr'><strong>periculum.</strong></span> <span class='ocrx_word' id='word_1_285' title='bbox 1439 3526 1471 3575; x_wconf 82' lang='lat'>9</span> <span class='ocrx_word' id='word_1_286' title='bbox 1508 3521 1917 3579; x_wconf 86' lang='lat' dir='ltr'><strong>trocloditidos.</strong></span> <span class='ocrx_word' id='word_1_287' title='bbox 2018 3527 2088 3576; x_wconf 81' lang='lat'><strong>20</strong></span> <span class='ocrx_word' id='word_1_288' title='bbox 2113 3521 2342 3576; x_wconf 79' lang='lat' dir='ltr'><strong>fleuma.</strong></span> 
     </span>
     <span class='ocr_line' id='line_1_38' title="bbox 311 3592 2163 3662; baseline -0.001 -15"><span class='ocrx_word' id='word_1_289' title='bbox 311 3599 378 3647; x_wconf 80' lang='lat'><strong>21</strong></span> <span class='ocrx_word' id='word_1_290' title='bbox 418 3592 650 3648; x_wconf 77' lang='lat' dir='ltr'><strong>obstant</strong></span> <span class='ocrx_word' id='word_1_291' title='bbox 684 3593 963 3651; x_wconf 62' lang='lat' dir='ltr'><strong>Scribam:</strong></span> <span class='ocrx_word' id='word_1_292' title='bbox 1000 3593 1215 3662; x_wconf 83' lang='lat' dir='ltr'><strong>optant.</strong></span> <span class='ocrx_word' id='word_1_293' title='bbox 1360 3592 1649 3649; x_wconf 79' lang='lat' dir='ltr'><strong>transitus,</strong></span> <span class='ocrx_word' id='word_1_294' title='bbox 1795 3598 1865 3648; x_wconf 84' lang='lat'><strong>24</strong></span> <span class='ocrx_word' id='word_1_295' title='bbox 1900 3592 2163 3651; x_wconf 79' lang='lat' dir='ltr'><strong>nastorci.</strong></span> 
     </span>
    </p>
   </div>
   <div class='ocr_carea' id='block_1_5' title="bbox 2561 654 2563 1395">
    <p class='ocr_par' dir='ltr' id='par_1_6' title="bbox 2561 654 2563 1395">
     <span class='ocr_line' id='line_1_39' title="bbox 2561 654 2563 1395; baseline 0 0"><span class='ocrx_word' id='word_1_296' title='bbox 2561 654 2563 1395; x_wconf 95' lang='lat' dir='ltr'><strong> </strong></span> 
     </span>
    </p>
   </div>
  </div>
 </body>
</html>
