2575 4092
973 208 1281 305 -ts49
1374 245 1461 256 -

200 379 477 451 serpunt,
533 370 669 431 felle
726 389 953 449 apruno
1010 389 1145 432 cum
1203 372 1400 431 resina
1457 380 1517 432 et
1573 388 1815 431 cerussa
1863 372 2046 431 mixto
2095 372 2223 431 sine

201 458 550 520 difficultate
598 466 900 520 sanantur.
960 459 1108 520 Ossa
1157 478 1228 519 ex
1276 459 1530 520 maxillis
1566 462 1696 539 apri
1733 458 1823 519 vel
1862 460 1987 519 suis
2025 458 2221 520 dome·
2263 468 2294 517 6

199 551 338 610 stici
375 556 636 610 uruntur
674 547 994 628 ulceraque
1023 551 1360 627 perniciosa
1389 566 1636 610 crurum
1662 548 1763 609 illo
1791 549 1993 608 cinere
2025 565 2223 627 asper-

195 645 439 718 guntur.
512 636 717 698 Fimus
764 654 1066 715 caprunus
1111 639 1174 698 in
1221 646 1388 699 aceto
1435 638 1791 698 fervefactus
1839 645 1899 697 et
1938 636 2222 698 subactus
2262 644 2293 693 7

139 743 170 785 5
197 728 523 806 inponitur,
570 744 688 805 quo
736 727 932 787 omnia
979 725 1184 788 talium
1231 726 1434 788 ulcera
1480 725 1748 787 locorum
1794 733 2126 805 purgantur
2163 735 2223 788 et

196 822 613 895 persanantur,
659 813 876 894 butyro
925 814 1147 876 bubulo
1195 833 1333 875 cum
1381 814 1511 875 oleo
1559 817 1805 894 cyprino
1854 822 1956 875 aut
1991 814 2221 875 laurino

193 903 575 985 postmodum
620 903 837 964 addito.

377 991 618 1053 Varices
664 1010 740 1053 ne
786 999 1126 1069 nascantur,
1174 992 1429 1053 lacertae
1477 993 1765 1070 sanguine
1812 1010 1990 1053 crura
2034 1011 2222 1072 puero
2259 999 2293 1048 8

196 1081 686 1162 ieiunusjnline3
730 1083 794 1142 in
832 1088 1023 1142 totum
1072 1080 1299 1143 carebit
1343 1081 1454 1142 hac
1499 1081 1797 1142 foeditate.
1870 1080 1960 1142 Ad
1996 1084 2224 1143 varices
2261 1089 2293 1137 9

112 1188 169 1228 10
197 1170 508 1232 siccandas
555 1172 681 1230 sevi
724 1170 945 1231 hircini
989 1168 1051 1230 P.
1088 1168 1139 1251 1,
1196 1172 1435 1248 saponis
1481 1169 1543 1230 P.
1581 1168 1608 1229 I
1661 1172 1723 1230 in
1780 1188 1967 1231 unum
2011 1173 2223 1232 misce-

194 1259 291 1319 bis
340 1266 399 1319 et
444 1258 686 1319 linteolo
723 1258 958 1320 inlitum
996 1258 1365 1319 medicamen
1402 1258 1680 1337 adpones,
1755 1258 1886 1319 Tali
1921 1267 2026 1320 aut
2062 1260 2222 1339 plan·
2264 1266 2331 1315 10

193 1357 292 1409 tae
340 1348 394 1407 si
439 1347 780 1429 tumebunt,
837 1355 905 1408 ut
950 1350 1078 1408 sine
1124 1347 1303 1408 ferro·
1335 1356 1646 1427 sanentur,
1701 1347 1970 1408 frondem
2016 1350 2221 1410 vineae

193 1435 449 1497 viridem
487 1455 555 1497 ac
593 1444 861 1497 teneram
898 1454 1051 1514 aqua
1088 1436 1341 1497 ferventi
1376 1435 1718 1515 perfundito
1746 1443 2222 1516 maceratamque

194 1527 493 1586 conterito
523 1532 582 1585 et
610 1527 1045 1604 superpositam
1074 1524 1384 1604 conligato.
1429 1524 1672 1586 Muscus
1697 1526 2005 1602 aquaticus
2023 1526 2223 1585 virens
2264 1531 2328 1580 11

110 1631 165 1673 15
196 1632 272 1674 ex
319 1613 449 1673 oleo
496 1615 676 1674 tritus
720 1615 1137 1693 inpositusque
1184 1632 1321 1675 cum
1366 1613 1551 1674 linteo
1597 1620 1892 1675 tumorem
1930 1612 2221 1674 dolorem-

196 1721 316 1782 que
352 1701 687 1781 plantarum
725 1703 1099 1783 talorumque
1136 1704 1462 1781 conpescit.
1513 1700 1719 1763 Limus
1747 1703 2056 1781 aquaticus
2084 1720 2221 1764 cum
2264 1709 2328 1757 12

195 1791 329 1852 oleo
377 1790 660 1853 subactus
707 1799 767 1852 et
812 1791 1119 1872 adpositus
1165 1790 1576 1871 principaliter
1621 1790 1965 1852 huiusmodi
2000 1794 2223 1852 tumori

194 1898 266 1941 ac
315 1878 618 1942 doloribus
655 1880 917 1959 prodest.
991 1880 1195 1941 Fimus
1232 1897 1497 1960 aprunus
1535 1882 1597 1940 in
1634 1886 1802 1940 aceto
1840 1879 2124 1941 decoctus
2162 1888 2222 1941 et
2263 1886 2326 1935 13

195 1987 335 2029 cum
391 1968 565 2029 melle
622 1968 905 2031 subactus
951 1971 1365 2049 inpositusque
1411 1968 1630 2049 plantis
1676 1967 1770 2028 vel
1814 1968 1948 2029 talis
1993 1971 2224 2047 mitigat

109 2076 166 2116 20
196 2075 408 2118 eorum
456 2057 707 2119 dolores.

376 2145 771 2208 Pernionibus
828 2155 888 2207 et
934 2149 1127 2226 ruptis
1172 2146 1427 2226 pedibus
1471 2145 1674 2226 pulmo
1721 2147 2010 2207 arietinus
2055 2149 2221 2226 inpo-
2262 2153 2330 2202 14

198 2237 352 2295 situs
400 2237 560 2295 omni
607 2238 925 2314 asperitate
962 2235 1211 2314 levigata
1246 2235 1578 2296 molestiam
1616 2234 1810 2297 tollit.·
1852 2234 2065 2297 Cancri
2103 2254 2222 2297 ma·
2264 2241 2327 2290 15

196 2325 319 2384 rini
372 2342 445 2384 ex
501 2323 631 2385 oleo
671 2326 931 2403 inpositi
984 2325 1374 2403 pernionibus
1422 2324 1649 2386 utiliter
1696 2332 1976 2404 prosunt,
2027 2326 2107 2386 ita
2155 2332 2223 2386 ut

196 2412 511 2473 foveantur
558 2431 727 2495 aqua,
773 2415 837 2473 in
884 2431 999 2493 qua
1046 2431 1253 2473 ervum
1295 2414 1628 2474 discoctum
1665 2420 1771 2473 est.
1839 2413 2092 2475 Glirium
2129 2413 2222 2475 vel
2261 2419 2327 2469 16

108 2518 166 2560 25
200 2502 461 2562 soricum
519 2501 612 2562 vel
665 2504 956 2563 vermium
1005 2509 1384 2562 terrenorum
1432 2503 1583 2562 cinis
1631 2519 1705 2562 ex
1749 2501 1879 2562 oleo
1924 2504 2221 2582 inpositus

192 2589 588 2669 pernionibus
633 2590 922 2653 medetur.

377 2678 741 2757 Coclearum,
788 2696 939 2758 quae
986 2678 1179 2739 nudae
1226 2680 1629 2757 inveniuntur,
1677 2686 2019 2740 exustarum
2067 2681 2220 2739 cinis
2261 2685 2326 2734 17

195 2785 434 2827 omnem
482 2766 983 2828 exulcerationem
1027 2767 1247 2846 pedum
1297 2776 1481 2828 sanat.

376 2856 643 2935 Agninus
689 2855 890 2936 pulmo
937 2855 1029 2916 vel
1066 2858 1357 2917 arietinus
1394 2858 1591 2917 uritur
1633 2864 1693 2916 et
1729 2856 1879 2916 cinis
1918 2858 2046 2916 eius
2084 2873 2219 2916 cum
2263 2861 2326 2910 18

108 2964 167 3006 ao
198 2944 330 3005 oleo
377 2946 685 3024 inponitur
731 2945 823 3006 vel
868 2948 995 3023 ipse
1042 2945 1268 3006 crudus
1305 2944 1577 3006 admotus
1614 2946 1969 3025 pernionum
2006 2943 2220 3005 ulceri-

194 3033 313 3094 bus
360 3032 587 3094 utiliter
632 3032 919 3113 alligatur.

375 3121 530 3182 Fimi
574 3122 922 3200 gallinarum
970 3121 1059 3182 vel
1098 3121 1424 3183 columbini
1460 3124 1612 3183 cinis
1649 3141 1721 3183 ex
1759 3122 1889 3183 oleo
1926 3124 2221 3202 inpositus
2263 3130 2326 3179 19

194 3209 400 3270 ulcera
446 3210 663 3289 pedum
711 3218 898 3273 curat.

375 3298 597 3360 Dentes
627 3299 899 3361 caballini
926 3301 1091 3360 tunsi
1119 3299 1320 3362 ulcera
1347 3302 1722 3380 pernionum,
1761 3302 1813 3360 si
1842 3302 1961 3361 sint
1988 3300 2221 3381 tumidi,
2259 3310 2328 3360 20

376 3440 412 3487 4
448 3433 624 3489 fimos.
772 3441 805 3489 6
840 3433 1083 3490 taurino.
1232 3440 1301 3490 16
1337 3435 1708 3502 talarumque.
1839 3441 1903 3490 18
1943 3433 2220 3491 decoctos,

197 3509 268 3630 {3
305 3503 610 3632 ἓῗέἕξίἰξιιιιέ.
769 3510 839 3559 24
873 3505 933 3559 in
970 3522 1084 3575 qua.
1119 3522 1221 3563 om.
1406 3512 1474 3561 25
1515 3504 1777 3559 suricum.
1936 3510 2003 3560 32
2040 3506 2219 3559 fimus.
