2575 4092
1122 236 1551 301 ...22-

317 419 455 461 cum
485 400 783 461 desiderio
812 402 1090 481 recentiS,
1122 418 1238 479 quo
1266 398 1661 480 cruciabatur,
1692 407 1882 461 totum
1913 400 2073 480 quod
2102 403 2159 461 ei
2187 400 2345 461 obla-

316 490 500 551 latum
548 490 741 550 fuerat
788 488 1098 570 ebibisset,
1156 496 1432 550 auctores
1482 488 1809 550 medicinae
1857 491 2080 571 magni,
2136 491 2240 569 qui
2285 489 2347 550 id

318 577 689 658 spectabant,
751 577 1252 639 exclamaverunt:
1328 576 1614 638 Occidisti
1677 577 1996 638 hominem.
2079 577 2347 639 Necdum

316 686 430 728 vox
491 684 701 728 eorum
755 665 828 727 ab
885 685 989 727 ore
1053 674 1428 747 manaverat,
1494 685 1527 727 e
1595 668 1843 745 vestigio
1910 685 2048 727 eum
2104 685 2348 728 somnus

318 757 629 835 occupavit
666 756 967 836 sudorque
1004 755 1282 836 perfudit.
1345 754 1576 827 Quibus
1614 773 1724 835 ego
1752 755 2185 836 praesentibuS,
2226 755 2343 816 cle·
2379 772 2408 813 5

317 847 685 906 mentissime
741 848 1092 926 imperator,
1152 846 1335 905 tantis
1396 845 1635 905 sudoris
1690 846 1820 906 eius
1875 843 2348 907 abstersionibus

317 933 596 1015 laboravi,
643 942 728 1013 ut,
778 937 830 995 si
867 934 987 995 dici
1023 935 1112 994 fas
1151 936 1246 1014 sit,
1284 933 1453 995 Nilus
1492 953 1562 994 ex
1601 936 1729 994 eius
1759 951 2011 1014 corpore
2039 934 2348 995 videretur

319 1022 581 1084 effluere.
665 1021 889 1084 Verum
942 1042 1081 1084 cum
1136 1041 1313 1101 aeger
1379 1022 1832 1103 expergefactus
1890 1033 2223 1083 recreatum
2281 1041 2348 1083 se

318 1113 597 1173 extinctis
627 1111 914 1172 febribus
962 1121 1022 1172 et
1057 1110 1131 1172 ab
1170 1112 1513 1172 infirmitate
1551 1111 1833 1172 leviorem
1872 1130 2002 1172 esse
2043 1113 2346 1193 sensisset,

316 1203 542 1262 ventris
589 1203 765 1262 etiam
814 1202 1011 1281 coepit
1057 1200 1354 1262 desiderio
1402 1200 1787 1261 vehementer
1832 1202 2053 1279 urgeri.
2135 1199 2348 1262 Adlato
2377 1218 2433 1257 1o

315 1291 517 1369 itaque
564 1290 803 1351 vasculo
850 1307 1024 1350 omne
1072 1288 1185 1349 alvi
1231 1308 1411 1369 onuS,
1458 1308 1577 1369 quo
1624 1289 2004 1371 gravabatur,
2053 1292 2347 1371 exposuit,

316 1378 390 1438 ad
444 1386 565 1439 tam
612 1378 809 1440 dirum
864 1379 1142 1460 fetorem,
1201 1387 1269 1439 ut
1326 1396 1530 1439 omnes
1579 1381 1683 1457 qui
1727 1377 1848 1439 illic
1894 1379 2141 1440 aderant
2183 1379 2347 1458 fuga-

317 1475 546 1548 rentur,
585 1467 925 1547 dicentibus
962 1468 1220 1546 egregiis
1256 1467 1523 1548 mediciS,
1567 1467 1724 1546 quod
1764 1470 1960 1528 omnia
1998 1470 2126 1528 eius
2163 1470 2347 1529 inter-

316 1574 462 1617 anea
507 1558 901 1636 putruissent.
979 1556 1123 1618 Post
1166 1556 1314 1616 haec
1361 1575 1394 1616 a
1441 1574 1536 1617 me
1583 1574 1762 1635 aeger
1809 1557 1881 1617 ad
1927 1556 2166 1618 balneas
2214 1559 2347 1619 mit-

316 1646 490 1726 titur,
548 1653 615 1706 ut
681 1646 910 1708 lavacro
968 1648 1099 1707 eius
1157 1647 1396 1706 siccitas
1443 1646 1760 1725 umigetur.
1856 1644 1974 1716 Qui
2017 1654 2348 1725 perunctus
2377 1662 2432 1702 15

317 1737 640 1813 unguentis
692 1734 1205 1815 remediabilibus,
1264 1753 1402 1796 cum
1466 1742 1602 1813 post
1662 1733 1939 1796 balneum
1995 1737 2348 1796 vestimenta

317 1826 672 1905 accepisset,
731 1826 900 1886 sitire
951 1843 1015 1885 se
1076 1824 1250 1904 dixit3
1308 1825 1508 1884 statim
1554 1841 1693 1884 eum
1738 1817 2062 1904 absinthio,
2117 1825 2181 1885 in
2228 1843 2346 1904 quo

315 1912 658 1993 libysticum
711 1914 906 1974 fuerat
961 1913 1301 1993 decoctum,
1356 1930 1742 1992 progressum
1794 1932 1827 1974 a
1873 1912 2083 1974 balneo
2129 1916 2346 1995 potavi,

315 2019 391 2061 ne
432 2002 572 2081 quid
611 2003 973 2062 causationis
1008 2004 1070 2061 in
1109 2000 1466 2080 corpusculo
1505 2002 1635 2062 eius
1671 2010 1956 2085 maneret,
1995 2021 2116 2082 quo
2151 2005 2346 2064 vesica

317 2088 572 2169 scybalis
627 2089 720 2150 vel
775 2089 1071 2169 lapidibus
1125 2108 1236 2168 per
1292 2092 1481 2150 vicina
1536 2090 1665 2152 loca
1725 2090 2059 2153 meantibus
2114 2110 2346 2171 preme·
2374 2106 2433 2147 so

317 2185 505 2239 retur.
578 2178 862 2258 Praecepi
909 2180 1085 2239 etiam
1132 2180 1190 2239 ei
1234 2197 1432 2239 escam
1478 2179 1611 2239 fieri
1657 2180 1732 2240 de
1778 2179 2163 2241 minutalibus
2207 2199 2347 2259 por-

318 2268 487 2349 ciniS,
534 2267 595 2328 id
643 2275 735 2328 est
771 2266 1097 2347 podocyliis
1137 2274 1196 2328 et
1234 2268 1592 2349 ventricu103
1637 2271 1701 2329 in
1740 2288 1918 2348 quem
1948 2270 2346 2331 ventriculum

316 2365 550 2417 acetum
606 2358 965 2436 cyminatum
1022 2357 1256 2417 modico
1319 2356 1548 2417 adiecto
1605 2357 1793 2419 lasere
1849 2360 2008 2419 mitti
2055 2358 2345 2440 mandavi,

316 2452 384 2506 ut
431 2447 671 2506 omnino
718 2454 960 2506 excocta
1007 2464 1144 2506 caro
1183 2448 1361 2506 etiam
1401 2464 1676 2508 ossorum
1714 2447 1993 2508 duritiam
2033 2447 2346 2528 emolliret,

317 2542 385 2595 ut
422 2534 616 2595 soluta
653 2552 863 2596 eorum
900 2535 1156 2596 medulla
1195 2553 1331 2596 cum
1368 2537 1501 2595 iure
1538 2537 1669 2614 ipso
1707 2535 2147 2598 absorberetur.
2211 2536 2344 2597 Non
2372 2550 2430 2593 25

316 2622 564 2685 dubium
612 2632 704 2684 est
746 2632 962 2705 autem,
1000 2626 1222 2704 optime
1260 2627 1602 2704 imperator,
1642 2625 1802 2704 quod
1840 2643 1911 2685 ex
1947 2625 2345 2705 indigestione

317 2719 698 2774 externarum
756 2714 1368 2791 crudissimarumque
1429 2712 1807 2792 crapularum
1871 2714 1965 2774 vel
2030 2715 2346 2794 superfusa

312 2801 537 2862 diversi
580 2804 885 2864 nimietate
936 2805 1058 2863 vini
1104 2800 1349 2880 repletis
1398 2810 1458 2862 et
1510 2820 1697 2881 paene
1752 2802 2123 2864 tumentibus
2178 2806 2346 2865 venis

314 2899 492 2969 potus
557 2893 620 2952 in
686 2890 1016 2953 visceribus
1075 2899 1478 2972 amarescunt,
1543 2891 1813 2953 aufertur
1869 2910 2140 2974 somnus,
2208 2892 2346 2954 sub·

314 2981 587 3059 sequitur
626 2980 787 3040 calor
825 2990 1001 3061 atque
1038 2979 1407 3041 occultarum
1446 2979 1702 3043 febrium
1739 2983 1928 3060 pestis
1966 2989 2025 3042 et
2054 2982 2345 3061 quaedam
2374 2995 2430 3036 3⁰

313 3067 566 3129 frenesis
604 3069 784 3147 pulsu
824 3068 1137 3130 cerebrum
1175 3071 1486 3150 inquietat,
1524 3078 1733 3130 venter
1765 3070 2047 3151 durescit,
2087 3073 2190 3150 qui
2226 3073 2346 3132 iam

314 3155 538 3218 dudum
600 3158 823 3220 crudus
878 3158 1143 3238 repletus
1201 3159 1423 3239 fuerat,
1483 3157 1952 3220 exuberantibus
2009 3158 2185 3240 cibis3
2241 3162 2347 3240 qui

310 3245 457 3306 dum
516 3256 956 3329 excoquuntur,
1013 3249 1383 3327 consumptis
1444 3265 1595 3326 quae
1651 3248 1850 3309 umida
1906 3257 2071 3324 sunt,
2118 3248 2347 3310 inflam-

460 3405 486 3453 1
527 3400 664 3471 quo]
703 3418 830 3470 qua.
963 3408 995 3456 5
1032 3400 1284 3472 perfodit
1320 3407 1432 3455 lm.
1564 3407 1629 3455 13
1665 3399 1924 3456 interana.
1959 3408 2056 3457 1m
2092 3418 2124 3456 6
2162 3403 2349 3459 littera

314 3473 703 3542 superscripta.
850 3478 916 3527 15
953 3472 1269 3542 perductus.
1411 3476 1475 3525 18
1513 3470 1790 3528 libesticO.
1926 3478 1990 3527 19
2029 3473 2221 3528 vesica.
2247 3480 2349 3529 lm

314 3543 521 3598 vissica
556 3548 677 3600 2m.
868 3551 935 3598 21
976 3544 1053 3615 ei]
1092 3546 1164 3598 et.
1368 3549 1436 3598 22
1475 3544 1766 3613 podocylis
1946 3545 2137 3616 quem]
2177 3546 2346 3614 quod.

316 3619 385 3668 24
424 3631 673 3671 ossorum
713 3617 849 3687 (sie).
980 3615 1280 3671 emolisset.
1405 3620 1474 3670 28
1511 3631 1671 3686 pene.
1791 3621 1859 3670 33
1898 3619 2347 3685 exquoquuntur.
