2575 4092
1003 189 1493 256 —257—

228 361 510 415 conteres
557 361 617 414 et
664 349 945 413 miscebis
991 361 1051 414 et
1096 355 1160 414 in
1205 351 1439 415 balineo
1486 352 1675 415 calido
1717 353 2035 416 bibendam
2070 356 2261 436 potio-

225 460 370 504 nem
417 440 604 523 dahis,
651 442 868 503 mirum
915 450 1022 503 est.

409 529 499 591 Ad
544 532 749 592 urinae
787 530 1196 592 difficultatem
1233 538 1296 592 et
1332 529 1626 593 calculum
1662 530 1875 593 lotium
1910 549 2260 617 caprunum,
2297 542 2369 595 22

225 620 337 682 sed
382 627 731 681 montanum
787 619 1054 699 tepidum
1108 621 1306 699 potari
1351 621 1589 700 oportet
1633 620 1893 683 admixto
1939 623 2075 683 vino
2123 640 2262 684 cum

164 729 197 768 ε»
228 726 385 789 aqua
404 707 499 769 ·ob
537 708 868 789 fastidium3
907 710 1208 789 cyminum
1245 727 1484 789 quoque
1513 708 1877 793 Africanum,
1914 710 2072 791 quod
2102 728 2261 773 sum·

224 801 433 859 mitate
480 800 663 859 trium
712 797 1033 876 digitorum
1078 799 1348 879 potueris
1393 798 1717 880 prendere,
1772 816 1845 859 ex
1890 801 2029 861 vino
2076 802 2261 863 mixto

227 886 487 948 calidum
534 886 791 948 bibatur.

408 975 499 1036 Ad
535 978 743 1037 urinae
781 974 1191 1037 difficultatem
1226 977 1457 1037 urticae
1496 984 1785 1056 quantum
1811 975 2044 1038 duabus
2077 979 2260 1038 mani·
2297 987 2367 1037 23

227 1064 347 1126 bus
379 1064 658 1144 amplecti
694 1065 963 1143 potueris
1001 1064 1350 1125 fasciculum
1389 1082 1528 1126 cum
1554 1066 1679 1126 vini
1704 1067 1915 1145 congio
1946 1066 2260 1128 decoctum

137 1172 198 1212 ιο
227 1154 302 1214 ad
363 1154 514 1215 duos
568 1154 859 1215 sextarios
913 1153 1151 1231 rediges
1206 1161 1265 1214 et
1313 1172 1484 1216 mane
1531 1152 1856 1215 bibendum
1902 1156 2103 1217 ieiuno
2149 1173 2259 1237 per

221 1243 494 1304 triduum
538 1241 722 1304 dabis.

404 1331 636 1392 Herbae
675 1330 1047 1392 Mercurialis
1085 1349 1158 1391 ex
1186 1348 1340 1410 aqua
1368 1330 1692 1392 decoctae
1675 1348 1772 1392 ius
1800 1332 2029 1394 adiecta
2057 1351 2258 1414 myrra
2295 1343 2366 1394 24

220 1422 367 1482 trita
413 1422 675 1481 vessicae
721 1419 1180 1499 lumborumque
1218 1418 1524 1481 doloribus
1562 1419 1857 1503 subvenit,
1895 1423 1962 1530 si.
1984 1439 2018 1481 a
2054 1423 2255 1483 ieiuno

223 1517 468 1588 potetur
514 1509 777 1570 adsidue.

137 1616 195 1657 15
404 1597 493 1658 Ad
540 1597 860 1679 dysuriam,
904 1597 966 1658 id
1015 1604 1107 1658 est
1143 1597 1351 1658 urinae
1389 1596 1819 1679 difficultatem,
1864 1605 1926 1659 et
1962 1597 2257 1661 calculum
2293 1610 2362 1660 25

225 1687 472 1749 echinos
509 1695 638 1748 tere
677 1705 814 1748 cum
851 1685 1074 1748 aculeis
1112 1687 1239 1747 suis
1277 1693 1339 1747 et
1376 1704 1448 1746 ex
1491 1684 1681 1747 mulsa
1718 1693 1871 1766 a'qua
1909 1687 2258 1767 frequenter

224 1779 506 1858 accipit03
565 1776 638 1837 ad
694 1775 987 1837 calculum
1044 1783 1243 1837 autem
1293 1773 1432 1836 rubi
1477 1774 1708 1836 radices
1756 1777 1884 1837 sine
1931 1777 2093 1838 ferro
2141 1778 2257 1839 col·

223 1866 376 1945 liges
440 1865 710 1945 lotasque
777 1864 1092 1944 diligenter
1155 1865 1219 1924 in
1274 1862 1391 1925 olla
1442 1881 1595 1924 nova
1648 1881 1869 1943 coques
1924 1873 1984 1927 et
2039 1884 2112 1927 ex
2167 1884 2258 1949 eo,

226 1954 387 2036 quod
435 1955 756 2037 decoxerit,
803 1972 942 2016 cum
987 1954 1143 2034 vino,
1189 1954 1242 2014 si
1286 1970 1409 2013 non
1447 1951 1827 2035 febricitabit,
1874 1971 1948 2015 ex
1989 1973 2158 2037 aqua,
2204 1958 2257 2018 si
2329 2021 2338 2030 ,

137 2061 196 2102 20
223 2043 781 2125 incommodabitur,
828 2042 1152 2104 bibendum
1199 2040 1385 2103 dabis,

405 2132 618 2194 Cancri
658 2140 872 2194 testam
911 2126 1227 2212 diligenter
1264 2139 1425 2192 teres
1462 2139 1524 2192 et
1558 2132 1696 2192 vino
1734 2130 2012 2193 subdulci
2044 2134 2252 2195 misce-
2289 2144 2359 2195 26

222 2222 318 2282 bis
375 2229 435 2283 et
491 2220 742 2282 colatam
796 2223 1099 2300 potionem
1154 2219 1322 2282 dabis
1377 2219 1695 2282 bibendam
1752 2223 1835 2302 ei,
1890 2223 1995 2327 qui
2041 2221 2252 2284 calculi

224 2309 493 2372 molestia
541 2309 848 2373 laborabit.
931 2309 1162 2371 Herbae
1208 2308 1525 2370 milefoliae
1578 2342 1654 2354 —
1696 2309 1748 2370 ΙΙ
1796 2320 1856 2370 et
1902 2313 2049 2392 eius,
2101 2330 2251 2391 quae
2290 2324 2358 2377 27

18 2427 19 2434 κ
222 2398 412 2460 herba
467 2417 635 2461 sacra
681 2399 929 2482 dicitur,
984 2398 1336 2460 tantundem
1381 2407 1543 2459 teres
1588 2407 1647 2460 et
1694 2416 1918 2478 coques
1974 2417 2046 2460 ex
2101 2418 2252 2480 aqua

18 2479 21 2534 ἕ
137 2504 195 2547 25
225 2496 289 2549 et
352 2507 425 2549 ex
491 2486 663 2549 melle
728 2495 906 2568 atque
969 2489 1050 2548 ita
1113 2485 1432 2547 bibendam
1498 2484 1664 2547 dabis
1727 2488 1936 2548 urinae
2002 2487 2251 2549 difficul-

222 2584 345 2638 tate
394 2584 456 2637 et
501 2576 727 2638 calculo
774 2576 1081 2638 laboranti.
1156 2575 1360 2636 Mense
1397 2572 1719 2635 Novembri
1763 2582 1899 2636 ante
1937 2574 2079 2637 ldus
2126 2595 2250 2638 eas·
2287 2590 2357 2641 28

224 2666 362 2726 dem
417 2683 621 2726 semen
677 2666 895 2725 fraxini
948 2663 1189 2744 colliges
1255 2671 1316 2724 et
1373 2666 1438 2724 in
1492 2662 1695 2741 tepido
1750 2663 1926 2724 furno
1983 2665 2253 2746 siccabiS,

224 2754 320 2815 die
375 2762 618 2834 postera
673 2755 961 2815 siccatum
1013 2752 1229 2814 tundes
1292 2760 1352 2814 et
1411 2750 1704 2813 cribrabis
1764 2761 1824 2814 et
1878 2771 2134 2832 repones
2191 2762 2250 2815 et

224 2862 298 2905 ex
351 2862 421 2905 eo
470 2843 638 2904 dabis
685 2842 979 2904 calculoso
1026 2841 1098 2902 ad
1146 2840 1305 2901 diem
1345 2858 1489 2901 cum
1526 2842 1662 2902 vino
1698 2850 1899 2904 vetere
1935 2841 2252 2902 bibendam

140 2950 196 2991 so
225 2932 470 3012 ligulam
515 2950 711 2993 unam.

401 3020 491 3081 Ad
532 3021 771 3081 renium
807 3018 1072 3080 dolorem
1109 3017 1440 3079 remedium
1479 3013 1591 3080 sic':
1635 3017 1770 3098 Apii
1807 3019 2054 3080 seminis
2092 3051 2172 3063 ——
2206 3018 2250 3102 l,
2287 3033 2356 3082 29

221 3109 470 3172 feniculi
524 3111 770 3169 seminis
832 3142 912 3154 —
956 3106 1009 3189 1,
1060 3108 1287 3186 piperis
1343 3109 1725 3169 semunciam.
1806 3107 1895 3168 Ex
1949 3108 2044 3169 his
2099 3107 2251 3169 bene

221 3203 434 3260 tritum
480 3206 543 3259 et
597 3197 926 3259 cribratum
971 3195 1275 3276 pulverem
1324 3196 1507 3258 facies
1561 3205 1623 3259 et
1667 3196 1915 3259 habebis
1963 3204 2249 3276 paratum,

221 3296 306 3369 ut,
356 3306 494 3349 cum
539 3304 693 3367 opus
738 3287 938 3367 fuerit,
983 3284 1249 3347 cocleare
1295 3284 1538 3366 plenum
1574 3288 1638 3347 in
1676 3286 1862 3347 calida
1899 3303 2050 3365 aqua
2088 3283 2252 3346 bibat

138 3393 193 3435 35
220 3379 481 3458 ieiunuS,
528 3377 634 3456 qui
680 3376 882 3438 dolore
927 3376 1163 3435 renium
1212 3373 1522 3436 laborabit.

404 3572 472 3622 29
506 3565 829 3622 bibendum.
973 3570 1043 3619 30
1078 3563 1274 3634 unam]
1313 3565 1415 3619 est.

332 3667 654 3718 muamus,
681 3671 761 3707 nn.
788 3665 1102 3704 Hanunea.
1866 3655 1930 3703 17
