2575 4092
1025 250 1463 314 -91-

213 413 480 491 gummis
528 411 579 470 X
618 411 644 472 Ι
683 411 741 472 8.
825 411 986 472 Haec
1033 419 1208 473 tunsa
1254 422 1315 474 et
1360 413 1618 475 cribrata
1665 431 1801 475 cum
1851 416 1984 474 vino
2031 416 2255 493 optimo

212 510 380 563 teres
429 508 609 581 atque
657 502 797 562 inde
834 500 1078 581 collyria
1124 501 1426 563 formabis.
1503 502 1757 573 Quidam
1802 502 2069 564 adiciunt
2114 503 2253 565 huic

214 589 468 670 collyrio
524 593 791 670 viperam
848 592 1066 652 siccam
1121 599 1183 652 et
1229 591 1547 653 arefactam
1596 591 1746 653 bene
1792 593 1855 652 in
1903 591 2053 674 sole,
2108 601 2253 653 tam·

215 697 398 758 quam
457 680 511 739 si
556 681 635 740 sit
682 678 884 760 salita3
929 680 1082 740 hanc
1130 698 1272 759 ergo
1320 682 1372 742 si
1418 679 1677 741 volueris
1722 680 1974 763 adicere,
2021 699 2254 742 exossa-

154 786 185 827 s
214 767 311 828 bis
359 770 532 847 prius
578 775 639 829 et
684 768 927 829 linteolo
973 768 1236 830 involves
1283 776 1462 849 atque
1508 772 1588 830 ita
1635 787 1817 850 super
1863 788 1991 830 eam
2034 772 2254 852 vinum,

212 857 377 918 unde
427 856 740 937 collyrium
785 857 899 918 hoc
938 856 1392 938 temperandum
1431 865 1543 939 est,
1588 857 1897 940 defundes,
1942 858 2046 919 sed
2084 861 2254 938 prius

213 964 348 1006 eam
394 948 484 1007 sic
531 946 966 1028 praecantabis,
1022 965 1097 1008 ne
1153 947 1435 1008 lacrimus
1489 956 1687 1029 exeat,
1742 965 1815 1007 ne
1878 946 2130 1029 extillet,
2177 966 2251 1009 ne

211 1042 449 1096 noceat.
523 1034 697 1096 Dices
744 1043 970 1097 autem:
1021 1035 1333 1107 Quomodo
1381 1045 1445 1097 tu
1492 1055 1613 1098 non
1659 1035 1842 1118 vides,
1889 1038 1976 1096 sic
2014 1045 2075 1097 et
2112 1045 2253 1098 tuus

13 1205 14 1208 Ἴ
213 1141 403 1184 sucus
460 1131 733 1202 gustatus
789 1123 937 1186 nulli
995 1135 1233 1205 noceat,
1292 1124 1396 1185 sed
1446 1124 1521 1186 ob
1567 1143 1721 1206 rem,
1775 1133 2024 1205 propter
2074 1143 2250 1205 quam

130 1231 184 1271 ιο
214 1211 451 1273 adiecta
511 1230 603 1292 οε,
662 1213 938 1292 proficias
1005 1213 1155 1274 bene
1221 1215 1529 1275 curatione
1594 1232 1827 1293 precor.
1919 1213 2359 1295 Collyrium200

210 1300 512 1380 liquidum
560 1301 1100 1364 delacrimatorium
1140 1304 1360 1382 accipit
1393 1302 1566 1364 haec:
1612 1303 1993 1364 Chelidoniae
2030 1302 2251 1364 herbae

213 1392 351 1450 suci
387 1389 440 1449 X
471 1390 530 1469 S,
568 1389 760 1451 mellis
796 1391 976 1453 Attici
1007 1391 1059 1452 X
1085 1392 1130 1472 1,
1169 1391 1534 1472 opobalsami
1570 1391 1622 1452 X
1652 1392 1711 1473 S,
1750 1396 1879 1453 suci
1915 1394 2083 1471 porri
2110 1392 2160 1452 X
2192 1392 2250 1453 S.

210 1477 378 1538 Haec
415 1481 598 1539 mixta
638 1479 711 1540 de
741 1482 871 1560 ipso
902 1499 1047 1542 suco
1089 1479 1335 1560 colliges
1371 1480 1465 1542 vel
1503 1480 1576 1541 de
1615 1499 1766 1560 aqua
1804 1481 2043 1542 fontana
2073 1489 2249 1560 atque

13 1629 16 1638 ,
211 1569 298 1627 ita
357 1566 598 1647 collyria
652 1568 952 1631 formabis
1047 1569 1371 1650 Collyrium
1427 1572 1655 1631 siccum
1711 1568 1900 1629 oculis
1947 1569 2243 1630 siccandis
2255 1581 2353 1630 201

13 1649 16 1674 ⁵
127 1675 184 1717 ιε
213 1655 365 1716 utile
405 1657 721 1718 conficitur
759 1660 873 1720 sic:
920 1658 1193 1720 Cadmiae
1234 1658 1283 1718 X
1314 1657 1358 1739 1,
1396 1660 1553 1719 aeris
1590 1659 1711 1718 usti
1748 1657 1798 1717 X
1836 1655 1880 1738 Ι,
1918 1656 2082 1717 stibii
2119 1655 2168 1716 X
2198 1656 2249 1738 13

208 1739 435 1805 adicies
471 1744 612 1806 huic
650 1745 912 1828 collyrio,
958 1749 1013 1808 si
1048 1750 1247 1808 acrius
1284 1745 1429 1808 illud
1469 1747 1665 1808 facere
1704 1744 1981 1827 volueris,
2030 1753 2251 1807 stactes

210 1832 265 1893 X
306 1833 348 1892 S
395 1841 456 1894 et
503 1834 720 1895 tundes
766 1845 945 1914 atque
994 1835 1291 1897 cribrabis
1343 1854 1454 1915 per
1508 1836 1927 1897 tenuissimum
1982 1834 2248 1895 cribrum

211 1929 275 1982 et
330 1924 417 1983 sic
472 1922 719 2002 pulvere
770 1927 979 1986 uteris.
1071 1924 1247 1986 Aliud
1304 1927 1533 1986 siccum
1590 1923 1901 2003 collyrium
1957 1924 2026 1984 ad
2083 1923 2239 1984 idem
2252 1935 2355 1984 202

212 2010 425 2071 efficax
463 2014 577 2074 sic:
625 2011 900 2074 Cadmiae
941 2013 991 2073 X
1032 2012 1177 2094 VIlI,
1216 2013 1358 2074 salis
1395 2013 1749 2074 ammoniaci
1784 2012 1834 2072 X
1868 2010 1988 2094 Vll,
2024 2013 2250 2091 piperis

121 2120 179 2160 20
209 2099 263 2159 X
294 2099 359 2181 V,
396 2103 589 2161 casiae
627 2100 680 2160 X
718 2100 780 2162 V.
859 2102 1100 2163 Tundes
1146 2102 1295 2163 haec
1342 2111 1520 2182 atque
1566 2104 1631 2163 in
1675 2100 1980 2182 pulverem
2027 2103 2250 2162 tenuis·

210 2192 430 2250 simum
491 2189 728 2269 rediges
785 2197 846 2250 et
900 2193 988 2252 sic
1034 2194 1245 2252 uteris,
1337 2190 1661 2271 Collyrium
1707 2192 1933 2251 siccum
1980 2190 2354 2251 callible-203

208 2279 439 2357 pharon
478 2279 793 2340 conficitur
831 2281 950 2341 sic:
998 2279 1177 2341 Stibii
1213 2279 1492 2341 conbusti
1529 2279 1579 2339 X
1609 2278 1652 2359 1,
1689 2281 1916 2359 piperis
1952 2279 2069 2340 albi
2106 2278 2159 2339 X
2188 2279 2248 2360 S,

211 2366 338 2427 folii
383 2367 709 2449 capitulum
756 2386 963 2447 unum,
1011 2368 1254 2429 stibium
1306 2368 1605 2430 conbures
1652 2376 1713 2429 et
1760 2367 1902 2428 lotio
1941 2370 2116 2447 pueri
2159 2369 2248 2428 in·

208 2455 390 2535 pubis
447 2459 762 2534 extingues
818 2465 880 2518 et
925 2457 1180 2518 siccabis
1238 2464 1301 2517 et
1346 2457 1563 2518 tundes
1610 2464 1672 2517 et
1716 2455 2008 2517 cribrabis
2054 2465 2115 2517 et
2161 2458 2249 2517 sic

122 2565 181 2606 ss
209 2547 419 2605 uteris.
487 2544 809 2624 Collyrium
849 2546 910 2607 di
938 2564 1089 2607 oxus
1127 2546 1200 2607 ad
1240 2545 1644 2624 aspritudines
1682 2544 1994 2606 oculorum
2030 2543 2356 2605 tollen-204

211 2634 318 2695 das
364 2635 708 2696 conficitur:
783 2635 1058 2696 Cadmiae
1107 2634 1159 2694 X
1196 2633 1333 2714 XII,
1381 2637 1536 2695 aeris
1582 2636 1704 2695 usti
1749 2633 1801 2693 X
1839 2632 1918 2714 X,
1964 2632 2245 2695 haemati-

209 2725 291 2783 tis
335 2721 387 2782 X
426 2722 490 2805 V,
536 2740 771 2803 myrrae
818 2723 870 2784 X
906 2723 1031 2805 1111,
1068 2727 1329 2802 gummis
1365 2723 1417 2783 X
1453 2722 1572 2783 Vll.
1645 2721 1805 2784 Haec
1843 2724 1905 2783 in
1940 2721 2247 2801 pulverem

208 2812 452 2872 redacta
498 2819 666 2873 aceto
713 2815 939 2892 optimo
987 2812 1233 2891 colliges
1290 2820 1352 2873 et
1396 2811 1609 2873 deinde
1656 2810 1898 2891 collyria
1945 2810 2245 2871 formabis,

209 2899 535 2979 Collyrium
582 2908 838 2963 stactum
875 2904 1092 2981 accipit
1129 2901 1305 2962 haec:
1352 2901 1583 2980 Piperis
1621 2899 1741 2960 albi
1779 2899 1831 2959 X
1868 2898 1938 2979 ll,
1976 2899 2353 2960 cadmiae205

125 3009 181 3049 so
209 2988 263 3049 X
302 2988 403 3049 Vll
441 2989 501 3071 S,
548 3008 829 3051 cerussae
877 2990 929 3050 X
967 2990 1015 3049 V
1054 2990 1113 3066 S,
1159 2990 1350 3051 Indici
1397 2989 1449 3049 X
1486 2989 1533 3047 V
1574 2989 1640 3070 8,
1687 2988 2048 3068 opobalsami
2094 2987 2146 3048 X
2186 2987 2245 3070 S,

206 3081 466 3157 gummis
513 3078 565 3139 X
603 3078 749 3140 vni.
841 3078 1024 3144 Haec.
1056 3081 1120 3140 in
1172 3079 1481 3159 pulverem
1527 3079 1765 3139 redacta
1812 3076 2063 3138 Falerno
2109 3079 2246 3138 vino

207 3167 573 3247 temperabis
607 3175 667 3228 et
695 3167 957 3247 colliges,
1025 3168 1350 3248 Collyrium
1378 3167 1783 3246 diapsoricum
1809 3168 2028 3246 accipit
2065 3165 2353 3228 baem-206

218 3255 444 3335 Piperis
474 3255 592 3317 albi
620 3255 672 3316 X
703 3255 747 3337 I,
777 3260 939 3319 croci
970 3256 1157 3318 Siculi
1186 3256 1237 3317 X
1268 3257 1313 3337 I,
1341 3274 1576 3337 myrrae
1604 3255 1657 3315 X
1676 3255 1746 3337 11,
1774 3255 1954 3316 amuli
1980 3254 2032 3315 X
2052 3254 2094 3335 Ι,
2125 3258 2245 3334 opii

19 3395 22 3418 t
207 3345 259 3405 X
291 3344 348 3425 S,
387 3345 750 3426 opobalsami
780 3345 832 3405 X
862 3346 921 3428 S,
960 3348 1218 3425 gummis
1247 3345 1301 3405 X
1331 3345 1399 3407 Π.
1462 3345 1628 3424 Aqua
1667 3344 1907 3424 pluviali
1943 3344 2089 3403 haec
2128 3341 2245 3402 col-

19 3421 24 3494 ἱ
128 3451 183 3493 35
208 3434 355 3514 liges
375 3444 553 3495 tunsa
574 3441 751 3513 atque
774 3434 1031 3496 cribrata
1053 3443 1232 3514 atque
1254 3434 1394 3495 inde
1417 3433 1657 3514 collyria
1679 3434 1878 3494 facies,
1916 3429 2238 3510 Collyrium
2249 3442 2350 3493 207

346 3631 382 3679 4
420 3622 631 3681 sallita.
777 3628 845 3677 16
881 3625 1091 3679 stactes
1127 3622 1181 3677 X
1218 3622 1282 3694 S]
1324 3623 1537 3678 stactes
1576 3622 1642 3678 V.
1786 3627 1854 3675 31
1891 3586 2141 3690 pulvere.
