2575 4092
1010 235 1447 300 -15-

419 431 809 495 Cornelius
857 431 1108 494 Celsus
1156 433 1222 496 G.
1269 432 1453 497 Iulio
1502 433 1800 498 Callisto
1852 434 1911 497 S.
1959 435 2023 500 D.

381 574 551 637 Inter
596 576 885 637 maximos
932 576 1231 655 quondam
1276 575 1517 639 habitus
1558 577 1823 641 medicos
1859 578 2238 661 Herophilus,
2278 591 2306 640 1

200 663 265 725 G.
307 664 426 725 Iuli
464 663 721 747 Calliste,
759 665 953 726 fertur
989 665 1211 726 dixisse
1246 666 1678 728 medicamenta
1724 668 1974 730 deorum
2019 670 2238 730 inmor-

199 752 415 815 talium
460 771 673 815 manus
719 771 872 835 esse,
917 772 1038 815 non
1086 756 1213 816 sine
1262 756 1510 836 ratione,
1558 763 1625 818 ut
1668 774 1801 818 mea
1849 758 1966 819 sert
2009 759 2241 839 opinio;

197 860 458 922 prorsus
506 845 666 904 enim
713 843 871 921 quod
918 850 1115 905 tactus
1163 844 1401 905 divinus
1438 845 1676 907 efficere
1715 854 1930 928 potest,
1977 846 2038 908 id
2076 865 2241 926 prae·

150 950 173 992 ⁵
199 939 368 993 stant
415 931 844 993 medicamenta
892 950 1037 995 usus
1089 934 1457 1013 experientia
1504 934 1883 1014 conprobata.
1965 936 2239 998 Animad-

198 1023 496 1082 vertimus
539 1022 741 1100 itaque
790 1039 965 1101 saepe
1013 1024 1171 1083 inter
1207 1020 1669 1085 deliberationes
1704 1027 2238 1105 contentionesque

196 1110 577 1171 medicorum
605 1112 957 1172 auctoritate
986 1111 1493 1194 praecedentium,
1529 1112 1672 1175 dum
1702 1115 2029 1196 quaeritur,
2067 1114 2236 1193 quid·

199 1217 343 1260 nam
399 1199 737 1261 faciendum
793 1207 897 1261 aut
952 1218 1069 1279 qua
1118 1203 1348 1262 ratione
1396 1202 1868 1265 succurrendum
1917 1205 1995 1265 sit
2040 1221 2237 1286 aegro,

199 1288 496 1368 quosdam
542 1287 800 1350 humiles
847 1289 1088 1368 quidem
1134 1296 1196 1351 et
1240 1290 1461 1370 alioqui
1507 1292 1769 1374 ignotos,
1826 1310 2033 1354 revera
2079 1293 2235 1371 peri·

127 1396 173 1437 10
198 1380 394 1439 tiores
438 1376 548 1458 vel,
596 1377 751 1457 quod
801 1377 978 1439 fateri
1021 1379 1225 1459 pudet,
1270 1378 1445 1459 longe
1483 1391 1813 1443 summotos
1850 1400 1884 1442 a
1921 1381 2235 1462 disciplina

195 1466 534 1528 medicinae
590 1475 651 1528 et
704 1485 781 1528 ne
827 1467 1052 1528 adfines
1099 1468 1342 1548 quidem
1391 1471 1522 1531 eius
1578 1470 1937 1549 professioni
1982 1471 2236 1532 medica·

196 1564 404 1617 mento
453 1555 682 1617 efficaci
728 1554 864 1617 dato
912 1558 1186 1636 protinus
1232 1556 1397 1620 velut
1442 1561 1744 1638 praesenti
1789 1561 2034 1621 numine
2071 1561 2234 1620 omni

196 1645 405 1707 dolore
437 1643 827 1725 periculoque
862 1644 1147 1707 liberasse
1186 1664 1413 1725 aegros.
1483 1645 1884 1717 Quamobrem
1912 1648 2236 1727 spernendi
2271 1660 2304 1709 2

195 1742 343 1796 sunt
389 1732 649 1816 quidem,
696 1735 802 1813 qui
845 1734 1201 1797 medicinam
1248 1733 1505 1815 spoliare
1552 1742 1844 1816 temptant
1889 1754 2004 1797 usu
2051 1735 2234 1797 medi·

118 1842 167 1885 ιε
195 1832 631 1904 camentorum,
677 1824 879 1884 forsan
923 1843 1045 1885 non
1090 1842 1124 1885 a
1170 1823 1481 1904 medendo,
1529 1823 1633 1885 sed
1680 1843 1713 1885 a
1762 1826 2023 1904 potentia
2062 1824 2233 1885 effec-

193 1921 386 1992 tuque
451 1912 1022 1975 medicamentorum
1085 1915 1168 1974 ita
1233 1912 1611 1994 appellatam,
1676 1912 1972 1993 probandi
2034 1921 2233 1977 autem

195 2009 369 2082 sunt,
425 2003 531 2081 qui
586 2002 750 2063 omni
802 2002 979 2063 modo
1038 2020 1398 2065 succurrere
1447 2002 1926 2083 periclitantibus
1973 2002 2232 2065 student.

193 2090 325 2170 Ego
383 2099 547 2152 certe
602 2089 956 2170 aliquotiens
1010 2109 1294 2170 magnum
1349 2093 1632 2153 scientiae
1690 2101 2051 2154 consecutus
2099 2110 2231 2155 sum

192 2179 443 2242 titulum
481 2197 553 2240 ex
591 2197 708 2241 usu
742 2198 1030 2260 prospere
1069 2180 1345 2242 datorum
1383 2181 1950 2244 medicamentorum
1984 2181 2230 2243 multos·

113 2287 166 2328 so
196 2287 316 2349 que
348 2286 419 2329 ex
449 2269 656 2330 eadem
684 2286 863 2330 causa
891 2287 1011 2330 non
1040 2269 1399 2332 mediocrem
1439 2269 1685 2350 gloriam
1722 2270 1933 2332 tulisse
1971 2273 2231 2333 memini.

193 2358 307 2419 Est
346 2359 502 2419 enim
542 2358 688 2418 haec
721 2375 862 2437 pars
891 2359 1216 2420 medicinae
1255 2358 1350 2420 vel
1385 2361 1640 2420 maxime
1678 2362 2029 2441 necessaria,
2067 2369 2231 2421 certe

193 2449 630 2527 antiquissima,
677 2455 738 2508 et
783 2445 859 2508 ob
897 2446 1011 2508 hoc
1046 2449 1310 2527 primum
1346 2448 1645 2510 celebrata
1685 2456 1862 2529 atque
1898 2448 2231 2529 inlustrata,

194 2536 498 2616 siquidem
554 2554 761 2597 verum
818 2544 910 2597 est
964 2538 1240 2617 antiquos
1296 2535 1502 2599 herbis
1557 2555 1625 2598 ac
1677 2536 1979 2599 radicibus
2024 2555 2230 2598 earum

196 2628 473 2705 corporis
510 2627 652 2686 vitia
689 2642 950 2708 curasse,
989 2628 1126 2705 quia
1163 2625 1441 2687 timidum
1479 2644 1669 2705 genus
1705 2626 2046 2689 mortalium
2073 2629 2232 2687 inter

114 2731 169 2774 25
197 2716 369 2776 initia
406 2732 527 2775 non
565 2714 735 2776 facile
774 2732 839 2775 se
877 2715 1037 2776 ferro
1075 2716 1318 2794 ignique
1357 2714 1780 2776 committebat,
1849 2714 2020 2786 Quod
2052 2717 2232 2776 etiam
2291 2742 2296 2747 ·

196 2821 362 2865 nunc
419 2802 690 2883 plerique
751 2804 1005 2886 faciunt,
1060 2822 1136 2864 ne
1193 2803 1389 2865 dicam
1444 2822 1677 2886 omnes,
1734 2812 1794 2865 et
1848 2806 1968 2866 nisi
2022 2821 2232 2884 magna

197 2892 476 2972 conpulsi
520 2895 877 2955 necessitate
922 2894 1113 2974 ipsius
1161 2892 1371 2955 salutis
1419 2911 1537 2954 non
1585 2896 1893 2974 patiuntur
1930 2892 2047 2954 sibi
2081 2893 2232 2974 fieri,

197 3000 354 3063 quae
403 3000 545 3042 sane
590 2984 687 3043 vix
731 2980 1036 3043 toleranda
1082 2989 1240 3044 sunt.
1324 2981 1446 3043 Cur
1497 3000 1638 3062 ergo
1687 2981 1870 3062 aliqui
1915 2980 2233 3044 excludant
2270 2992 2302 3042 3

195 3071 555 3133 medicinam
604 3071 676 3132 de
722 3089 838 3132 usu
883 3071 1480 3153 medicamentorum,
1526 3090 1646 3133 non
1692 3073 1957 3154 invenio,
2001 3072 2122 3133 nisi
2165 3078 2236 3133 ut

10 3184 11 3199 2
118 3177 170 3219 so
199 3160 484 3239 detegant
537 3159 978 3239 inprudentiam
1035 3178 1219 3221 suam.
1306 3159 1441 3221 Sive
1498 3162 1658 3221 enim
1712 3160 1941 3223 nullum
2002 3161 2232 3241 experi-

345 3328 629 3386 Scribonii
662 3330 842 3402 Largi
875 3332 1009 3387 haec
1044 3335 1121 3387 est
1161 3331 1412 3400 epistww.

348 3409 378 3456 1
417 3401 658 3457 condam
693 3407 808 3457 lm.
953 3400 1319 3472 hierophilus.
1465 3408 1497 3458 ὀ
1537 3403 1898 3472 conprobato.
2030 3408 2094 3457 12
2134 3419 2233 3457 no-

199 3472 352 3528 mine
391 3477 511 3529 2m.
702 3477 766 3528 15
802 3473 969 3529 verba
1004 3472 1193 3529 forsan
1231 3490 1347 3529 non
1382 3491 1421 3529 a,
1454 3474 1728 3530 medendo
1767 3475 1867 3531 sed
1902 3490 1937 3528 a.
1973 3473 2234 3543 potentia.

201 3543 518 3669 effectucque
555 3542 1090 3628 medicamentorum
1140 3561 1240 3601 om.
1394 3549 1460 3599 16
1516 3544 1808 3614 appellati.
1954 3550 2022 3600 28
2070 3545 2227 3616 sane]

198 3631 351 3671 sams
433 3630 710 3671 ornamus.
