2575 4092
1019 244 1125 295 -.
1194 208 1324 274 343
1419 246 1502 256 .-

238 370 541 431 silvaticae
597 371 765 432 radix
818 369 1093 432 similiter
1138 372 1416 451 imposita
1463 391 1654 452 aeque
1700 374 1984 457 prodesse
2032 374 2269 456 dicitur,

235 459 548 539 portulaca
595 477 833 539 quoque
879 461 1020 520 trita
1059 478 1195 520 cum
1234 461 1471 539 polenta
1511 462 1777 540 adposita
1814 462 2109 524 testiculis
2146 481 2268 524 me·

237 549 445 629 detur3
503 566 577 608 ex
630 549 769 609 fimo
825 546 1047 609 bubulo
1102 551 1276 627 panis
1334 550 1526 611 factus
1582 558 1642 611 et
1688 559 1936 612 exustus
1983 553 2043 612 in
2090 552 2266 613 furno

236 644 341 698 aut
394 639 457 698 in
513 636 646 697 foco
701 644 763 697 et
807 646 1012 717 postea
1059 639 1123 697 in
1170 639 1434 699 cinerem
1483 639 1762 700 redactus
1809 647 1869 700 et
1914 658 2052 701 cum
2098 648 2266 702 aceto

178 742 207 784 5
238 724 516 787 scillitico
575 725 858 786 subactus
905 725 1167 805 dumque
1214 726 1405 788 fervet
1448 728 1742 789 testiculis
1789 728 2094 808 adpositus
2142 747 2265 790 sae-

233 816 494 894 piusque
542 821 807 875 mutatus
852 813 1280 875 admirabiliter
1332 824 1392 876 et
1438 818 1636 877 statim
1683 816 1946 895 prodest.

412 903 678 982 *Spongia
725 921 800 963 ex
844 920 1022 982 posca
1070 903 1236 965 acida
1283 912 1344 965 ct
1389 904 1586 984 tepida
1628 904 1896 984 adposita
1933 907 2132 966 statim
2172 923 2261 967 se·
2303 917 2371 967 17

235 991 403 1054 dabit
449 991 863 1052 testiculorum
910 990 1160 1054 dolores,
1231 991 1430 1072 Adeps
1477 993 1648 1054 vituli
1685 1004 1744 1055 et
1781 994 1926 1055 nitri
1962 994 2264 1055 modicum
2305 1006 2372 1056 18

234 1099 356 1141 una
410 1082 702 1159 permixta
759 1087 819 1140 et
873 1081 1062 1140 ceroti
1109 1080 1283 1141 modo
1331 1083 1607 1160 imposita
1653 1082 1947 1143 testiculis
1993 1090 2262 1144 tumores

150 1186 207 1227 10
238 1186 447 1229 omnes
490 1177 550 1229 et
588 1168 825 1229 dolores
861 1185 1180 1247 persanare
1219 1169 1518 1231 dicuntur.
1583 1170 1755 1232 Bulbi
1793 1189 1866 1231 ex
1903 1171 2097 1232 mulso
2135 1173 2265 1233 triti
2305 1182 2371 1232 19

234 1265 416 1337 atque
463 1256 618 1318 inliti
665 1255 1004 1318 dolentibus
1050 1256 1345 1318 testiculis
1390 1258 1723 1320 medentur.
1806 1258 1995 1320 Butae
2048 1259 2264 1321 ramuli
2301 1270 2372 1320 2ο

233 1347 549 1407 tenerrimi
588 1348 716 1407 triti
745 1352 805 1407 et
832 1345 987 1406 inliti
1015 1354 1311 1406 tumorem
1342 1347 1755 1408 testiculorum
1788 1350 2055 1426 quamvis
2082 1351 2261 1409 maxi-

232 1453 398 1496 mum
458 1435 684 1496 sedant.
767 1433 980 1495 Farina
1034 1433 1141 1494 lini
1198 1436 1441 1495 seminis
1498 1454 1634 1496 cum
1691 1437 1887 1496 resina
1947 1445 2007 1498 et
2065 1455 2262 1516 myrra
2301 1448 2369 1496 21

235 1525 367 1603 pari
413 1523 676 1603 pondere
724 1524 1014 1603 permixta
1063 1531 1124 1584 et
1166 1525 1445 1601 imposita
1494 1523 1787 1585 testiculis
1835 1523 2028 1585 dolori
2063 1544 2130 1585 ac
2168 1532 2261 1586 tu·

151 1628 205 1669 15
236 1615 395 1673 mori
457 1630 664 1673 eorum
730 1611 1024 1672 subvenit.
1114 1610 1404 1672 Testiculi
1466 1620 1766 1673 tumentes
1825 1631 1977 1692 aqua
2031 1616 2260 1675 marina
2298 1624 2368 1673 22

233 1700 668 1762 rationabiliter
715 1700 1006 1762 foventur.

414 1789 742 1871 HerniosiS,
789 1789 1097 1850 ramicosis
1134 1787 1650 1868 hydrocelicisque
1687 1791 1955 1869 asparagi
1993 1790 2131 1851 duri
2167 1809 2256 1851 ra·
2295 1801 2367 1851 23

234 1879 402 1940 dices
449 1880 703 1939 siccatae
751 1885 811 1938 et
856 1885 1139 1938 contusae
1186 1885 1247 1938 et
1292 1876 1586 1938 cribratae
1623 1896 1760 1939 cum
1799 1896 1986 1957 aquae
2023 1878 2260 1941 hemina

233 1970 406 2048 potui
451 1969 687 2046 saepius
735 1967 902 2027 datae
948 1965 1226 2027 celeriter
1277 1965 1655 2027 subveniunt.

151 2074 207 2114 20
415 2054 635 2116 Pilulas
680 2057 951 2134 cupressi
997 2054 1217 2115 virides
1263 2073 1338 2115 ex
1383 2056 1519 2116 vino
1565 2063 1765 2116 vetere
1804 2055 1877 2116 ad
1914 2057 2122 2116 tertias
2159 2056 2258 2118 de·
2300 2067 2372 2116 24

236 2162 428 2224 coque
477 2151 537 2204 et
584 2144 826 2223 cyathos
872 2142 1045 2204 binos
1083 2143 1302 2204 cotidie
1339 2145 1538 2205 ieiuno
1579 2143 1860 2205 hernioso
1898 2147 2068 2223 potui
2105 2144 2259 2228 dato,

235 2242 365 2295 tum
412 2232 550 2294 folia
597 2232 863 2293 eiusdem
908 2233 1050 2293 trita
1089 2231 1383 2293 testiculis
1419 2234 1726 2315 imponit0,
1773 2236 1922 2293 mire
1959 2233 2259 2315 proderis3

235 2340 372 2382 nam
418 2322 530 2382 hoc
580 2321 909 2382 remedium
958 2319 1160 2381 multis
1208 2323 1631 2399 experimentis
1676 2321 1993 2400 probatum
2040 2330 2148 2383 est.

412 2409 695 2491 Lapidem
741 2411 1038 2488 ignarium
1074 2419 1392 2469 contusum
1429 2411 1660 2470 resinae
1698 2412 1948 2471 mixtum
1987 2428 2095 2488 pro
2134 2429 2258 2472 em·
2296 2420 2367 2470 26

152 2515 208 2557 25
237 2499 461 2579 plastro
509 2501 746 2577 impone
795 2499 1106 2577 ramicoso‚
1154 2499 1351 2557 statim
1400 2497 1686 2575 proderit.

414 2587 480 2648 Si
524 2605 711 2666 puero
758 2594 966 2648 tenero
1017 2603 1220 2645 ramex
1275 2585 1679 2666 descenderit,
1736 2596 2007 2647 cerasum
2063 2587 2257 2648 novel·
2296 2597 2368 2647 26

232 2676 347 2737 lam
396 2675 698 2738 radicibus
744 2678 868 2737 suis
906 2668 1190 2735 stantem‘
1207 2673 1462 2734 mediam
1499 2674 1724 2753 findito‚
1769 2676 1852 2735 ita
1889 2684 1956 2735 ut
1992 2693 2101 2754 per
2137 2675 2255 2755 pla·

204 2783 371 2847 gam
416 2783 567 2845 puer
612 2767 785 2825 traici
830 2766 1037 2843 possit,
1084 2781 1152 2823 ac
1198 2780 1410 2823 rursus
1453 2761 1826 2823 arbusculam
1865 2764 2160 2842 coniunge
2198 2772 2260 2825 et

234 2855 373 2915 fimo
429 2852 656 2915 bubulo
710 2852 959 2931 aliisque
1015 2852 1293 2912 fomentis
1351 2849 1575 2932 obline‚
1632 2869 1749 2930 quo
1798 2850 2030 2912 facilius
2076 2853 2138 2912 in
2188 2870 2252 2913 se

149 2959 208 2999 80
238 2960 386 3021 quae
435 2945 618 3003 scissa
666 2948 805 3002 sunt
850 2947 1077 3001 coeant.
1145 2938 1377 3010 Quanto
1416 2947 1612 3000 autem
1651 2939 1907 3001 celerius
1945 2939 2258 3002 arbuscula

235 3030 524 3092 coaluerit
579 3038 639 3091 et
693 3031 1032 3091 cicatricem
1080 3027 1341 3108 duxerit,
1401 3036 1565 3089 tanto
1613 3029 1791 3089 citius
1838 3046 2039 3090 ramex
2083 3032 2260 3109 pueri

233 3119 556 3181 sanabitur.

412 3207 690 3269 Testibus
728 3208 909 3267 nimie
948 3204 1360 3267 crescentibus
1398 3208 1626 3267 cicutae
1665 3206 1830 3267 radix
1863 3207 2003 3266 trita
2033 3214 2091 3267 et
2121 3223 2257 3267 cum
2294 3217 2364 3268 27

233 3299 328 3359 ovi
383 3296 515 3358 albo
571 3298 846 3376 imposita
899 3295 1188 3356 medetur.
1274 3293 1563 3355 Cerussae
1610 3294 1672 3355 P.
1712 3293 1763 3375 Ι,
1811 3296 1963 3354 turis
2007 3294 2258 3356 masculi
2294 3306 2365 3356 28

413 3438 443 3487 ’1
483 3430 745 3502 spongia]
784 3430 853 3499 cf.
883 3430 1039 3486 Plin.
1068 3447 1123 3484 n.
1151 3430 1203 3483 h.
1234 3434 1323 3499 31,
1354 3433 1474 3483 129.
1647 3434 1712 3482 13
1752 3428 1855 3482 lini
1891 3429 2145 3500 seminis]
2184 3431 2256 3496 cf.

233 3504 387 3559 Ptin.
416 3520 472 3558 n.
501 3504 552 3557 h.
583 3506 668 3570 20,
697 3506 821 3556 251.
1030 3507 1096 3556 16
1133 3516 1283 3568 aqua.
1319 3499 1563 3571 marina]
1602 3500 1672 3574 ct}
1704 3499 1856 3555 Ptin.
1885 3516 1941 3554 n.
1969 3502 2020 3555 h.
2051 3504 2140 3568 31,
2170 3507 2259 3556 65.

234 3581 303 3629 20
338 3571 548 3643 pilulas
587 3570 863 3643 cupressi]
903 3572 975 3640 cf.
1009 3572 1138 3628 Pin.
1168 3589 1225 3626 n.
1253 3571 1306 3625 h.
1335 3575 1423 3640 24,
1454 3576 1537 3625 15.
