2575 4092
999 231 1431 297 -73-

212 403 337 456 cum
394 396 578 457 farina
631 396 800 457 tenui
853 396 1145 457 miscetur
1199 412 1266 456 ac
1323 394 1660 457 diutissime
1722 396 1964 476 teritur,
2020 403 2225 475 postea

210 484 453 546 adicitur
488 484 679 546 mellis
724 483 1061 563 despumati
1105 483 1326 564 aliquid
1376 503 1444 545 ac
1492 486 1630 566 vini,
1676 493 1746 546 ut
1781 483 2068 564 liquidius
2107 484 2225 566 flat,

205 582 473 653 potenter
525 572 663 634 inde
719 574 1093 654 inunguntur
1146 572 1304 635 oculi
1361 573 1611 653 caligine
1658 572 2013 635 laborantes.
2105 573 2224 634 Ros
2262 585 2327 638 81

207 670 553 724 nocturnum
620 660 862 740 colliges
918 662 1273 723 nitidissime
1328 664 1391 723 in
1446 669 1617 742 prato
1673 669 1734 724 et
1789 664 1849 723 in
1908 661 2224 741 ampullam

160 773 182 814 s
204 753 393 813 mittes
439 759 616 831 atque
654 750 875 812 adicies
910 750 1040 820 illic
1071 750 1262 811 mellis
1301 751 1482 813 Attici
1510 743 1591 838 ,9-
1622 749 1725 811 xn
1767 759 1829 812 et
1865 750 2227 832 opobalsami

208 832 279 925 ,9-
325 839 397 900 VI
441 859 511 901 ac
557 842 784 919 pariter
829 847 1153 919 utrumque
1201 839 1481 901 miscebis
1526 848 1587 901 et
1633 843 1719 900 sic
1765 843 1954 901 uteris
2001 838 2072 900 ad
2118 858 2224 901 un-

205 928 449 1006 gendum
496 929 589 989 vel
636 927 1153 1009 superlinendum,
1216 930 1435 990 mirum
1492 927 1822 990 remedium
1879 930 2223 1008 experieris,

206 1016 413 1078 Sucum
483 1020 813 1079 vettonicae
882 1019 1300 1078 tenuissimum
1356 1016 1547 1079 oculis
1601 1016 1875 1097 infunde,
1941 1017 2224 1078 clariores
2262 1029 2331 1080 88

204 1124 297 1166 eos
360 1107 540 1168 facies
602 1115 660 1167 et
714 1108 1095 1185 inportunam
1151 1105 1529 1168 lacrimarum
1597 1105 2052 1168 destillationem
2110 1107 2227 1168 cito

133 1218 179 1258 ιο
203 1195 461 1256 siccabis.
553 1194 658 1255 Fel
705 1193 916 1256 cameli
961 1193 1151 1256 solum
1199 1213 1310 1275 per
1357 1214 1422 1256 se
1469 1196 1651 1256 fronti
1697 1195 1933 1257 inlitum
1979 1195 2224 1275 prodest
2262 1207 2331 1257 88

202 1284 506 1345 adversum
561 1283 901 1365 caliginem,
958 1282 1062 1344 sed
1112 1301 1186 1344 ne
1243 1286 1487 1345 omnino
1543 1284 1854 1364 lippiatur‚
1909 1283 2227 1346 decoctum

201 1391 327 1433 cum
382 1372 575 1434 mellis
623 1374 831 1453 optimi
877 1372 1104 1453 cyathis
1151 1372 1345 1434 tribus
1393 1380 1453 1434 et
1499 1375 1661 1435 croci
1707 1375 1883 1435 uncia
1930 1375 1990 1435 in
2042 1391 2224 1434 unum

200 1462 466 1524 miscebis
533 1469 597 1523 et
661 1464 747 1523 sic
814 1461 1200 1522 suffusionem
1267 1461 1342 1522 ad
1398 1461 1603 1523 oculos
1659 1462 1841 1523 facies
1898 1462 1987 1522 vel
2045 1463 2223 1523 etiam

200 1551 524 1630 superlines
572 1550 710 1611 inde
758 1549 1080 1629 caligantes
1126 1558 1184 1611 et
1231 1550 1551 1630 lippientes
1597 1550 1830 1630 oculos3
1880 1550 1994 1611 hoc
2041 1549 2226 1611 medi-

131 1661 175 1702 ιο
201 1643 416 1701 camine
474 1642 655 1701 etiam
713 1649 1129 1700 excrescentes
1188 1657 1401 1700 carnes
1455 1641 1518 1699 in
1574 1638 1764 1699 oculis
1810 1647 1872 1698 et
1917 1639 2226 1699 cicatrices

197 1737 491 1791 curantur.
588 1728 673 1788 Ad
732 1726 1014 1806 caligines
1062 1727 1373 1789 oculorum
1420 1726 1811 1806 detergendas
1860 1727 2221 1787 medicamen
2263 1739 2332 1789 84

195 1816 352 1878 valde
398 1818 639 1879 efficax:
685 1816 875 1877 Rosae
915 1818 1107 1877 siccae
1144 1833 1379 1895 pugnos
1417 1815 1568 1877 duos
1604 1814 1812 1895 plenos
1851 1833 1986 1876 cum
2026 1814 2225 1875 radice

196 1905 429 1968 feniculi
487 1905 811 1983 diligenter
865 1907 1104 1984 purgati
1163 1915 1225 1966 et
1282 1906 1405 1966 feni
1460 1905 1660 1983 graeci
1718 1921 1985 1984 pugnum
2041 1921 2224 1964 unum

196 1993 430 2071 plenum
465 1997 532 2056 in
571 1993 749 2055 ollam
786 2011 995 2055 novam
1034 1996 1236 2055 mittes
1274 2001 1337 2055 et
1363 1993 1606 2055 decocta
1635 1996 1826 2073 prima
1855 2011 2005 2072 aqua
2044 1989 2226 2054 effusa

125 2105 170 2145 20
197 2084 275 2144 sic
310 2093 520 2163 postea
557 2083 877 2164 decoqueS,
926 2092 993 2143 ut
1030 2085 1379 2164 spissescat3
1416 2081 1630 2144 deinde
1670 2081 1862 2143 mellis
1900 2081 2082 2142 Attici
2118 2099 2224 2142 un·

195 2173 336 2233 ciam
393 2173 788 2252 supermittes
842 2179 903 2232 et
956 2173 1182 2250 piperis
1238 2170 1566 2250 scripulum
1625 2170 1775 2231 bene
1832 2172 1985 2253 triti,
2044 2169 2224 2231 addes

194 2263 358 2322 etiam
407 2263 574 2341 passi
616 2260 836 2322 Cretici
883 2259 1268 2342 aliquantum,
1315 2269 1382 2321 ut
1426 2259 1714 2340 liquidius
1761 2260 1958 2340 facias,
2009 2258 2224 2320 deinde

191 2366 293 2426 per
345 2349 663 2412 linteolum
729 2348 1046 2410 delicatum
1113 2348 1335 2410 colabis
1400 2357 1461 2410 et
1531 2347 1603 2409 ad
1680 2348 2067 2409 suffusionem
2133 2347 2222 2407 vel

193 2439 704 2518 superlinitionem
735 2437 1046 2498 oculorum
1075 2438 1281 2498 uteris.
1357 2435 1624 2498 Perdicis
1658 2437 1734 2497 fel
1774 2438 2023 2497 mixtum
2062 2434 2224 2496 melli
2261 2446 2329 2496 85

121 2548 167 2588 25
191 2527 379 2588 Attico
417 2527 737 2606 caliginem
765 2525 934 2606 tollit,
974 2527 1026 2586 si
1054 2526 1243 2587 oculis
1271 2525 1519 2587 adsidue
1548 2524 1913 2604 infundatur,
1953 2524 2055 2585 sed
2087 2542 2224 2585 cum

191 2616 360 2676 modo
408 2623 472 2677 et
520 2615 753 2695 aequali
796 2632 1094 2677 mensura.
1187 2614 1433 2693 Aquilae
1481 2613 1557 2675 fel
1605 2631 1739 2676 cum
1790 2612 1961 2674 melle
2010 2613 2222 2692 Attico,
2261 2624 2328 2674 86

190 2721 381 2783 myrra
436 2722 581 2766 vera
637 2712 700 2765 et
752 2706 910 2764 nitro
967 2702 1099 2764 albo
1156 2703 1405 2782 singulis
1459 2704 1655 2765 unciis
1718 2705 1968 2763 mixtum
2033 2700 2223 2763 oculis

191 2794 474 2854 visionem
534 2794 933 2854 acutissimam
989 2801 1277 2871 praestat,
1335 2794 1388 2853 si
1442 2810 1579 2853 cum
1635 2791 1809 2852 modo
1856 2790 2222 2851 infundatur.

189 2878 261 2942 Ut
296 2885 424 2944 acie
463 2883 724 2943 certiore
762 2882 982 2942 intueri
1021 2882 1217 2941 omnia
1254 2883 1467 2962 possiS,
1510 2882 1658 2942 ficus
1695 2879 2004 2940 Africanae
2044 2881 2220 2939 etiam
2259 2891 2326 2941 87

120 2991 165 3031 so
193 2974 403 3031 veteris
461 2969 784 3031 dummodo
842 2971 1264 3049 pinguissimae
1321 2970 1393 3031 ad
1450 2972 1648 3048 ignem
1705 2967 2018 3029 calefactae
2077 2985 2221 3028 suco

38 3135 40 3144 ⁴
190 3076 471 3137 expresso
531 3060 816 3139 vinoque‘
852 3056 1039 3119 diluto
1104 3058 1310 3119 oculos
1365 3061 1618 3140 inunge,
1683 3056 2074 3136 gratulaberis
2130 3075 2220 3117 re-

39 3149 42 3212 ἱ
189 3148 399 3210 medio.
493 3146 707 3227 Vipera
766 3149 894 3207 viva
939 3148 1198 3208 mittitur
1243 3150 1307 3207 in
1354 3165 1454 3208 vas
1500 3165 1719 3208 novum
1767 3145 1948 3207 fictile
1996 3154 2056 3207 et
2101 3145 2219 3206 adi·
2258 3157 2326 3207 88

189 3236 341 3297 citur
389 3238 449 3298 ei
498 3239 628 3298 suci
675 3234 920 3297 feniculi
962 3236 1208 3316 cyathus
1246 3253 1404 3297 unus
1442 3243 1503 3297 et
1538 3238 1690 3297 turis
1728 3252 1976 3314 granum
2016 3252 2219 3313 unum,

189 3323 398 3387 deinde
441 3343 548 3386 vas
586 3324 902 3386 obturatur
938 3323 1143 3405 argilla
1182 3332 1243 3386 et
1279 3324 1717 3386 circumlinitur
1763 3332 1823 3385 et
1868 3325 1931 3383 in
1978 3323 2218 3383 furnum

326 3539 362 3586 2
400 3535 469 3587 ut
506 3531 751 3587 litterula
785 3546 957 3585 erasa.
1144 3534 1176 3584 8
1212 3530 1523 3586 vetonicae.
1710 3536 1774 3584 13
1813 3523 2072 3582 miscebis
2117 3540 2219 3580 om.

190 3605 254 3655 20
291 3602 638 3672 dequoqnes.
783 3607 848 3656 31
888 3600 1216 3671 gratulabis.
1364 3607 1434 3656 34
1470 3600 1809 3657 circumline.
