2575 4092
1003 220 1477 286 —205—

220 385 443 464 vimus3
482 401 617 443 nam
659 392 719 443 et
758 382 1126 444 stomachum
1163 385 1313 443 mire
1359 386 1641 462 conponit
1677 394 1737 445 et
1774 403 2013 445 umores
2042 387 2252 466 siccat3

224 480 602 534 excrementa
650 490 887 551 quoque
935 471 1033 532 illa
1079 471 1213 532 data
1260 472 1639 551 dysintericis
1687 472 1944 535 mirabili
1990 474 2251 535 efficacia

223 569 497 641 prosunt.
586 560 875 640 ossifragi
919 569 1128 621 venter
1173 560 1541 622 madefactus
1587 561 2010 642 adpositasque
2047 562 2141 623 his
2180 562 2251 623 ad
2291 578 2358 629 85

224 650 625 730 stomachum,
684 651 787 729 qui
832 648 998 710 cibos
1045 668 1165 711 non
1212 650 1564 731 conficiunt,
1622 649 1972 713 utilissimus
2025 661 2118 712 est
2163 651 2251 712 vel

170 755 197 797 5
226 743 407 801 etiam
456 741 509 800 si
553 747 788 800 tantum
832 757 1012 799 manu
1059 747 1354 820 teneatur,
1399 739 1721 818 plurimum
1773 742 1950 801 iuvat.

403 827 769 908 Oxyporium
798 827 1221 907 Dionysianum
1260 828 1332 888 ad
1372 828 1763 907 digestionem
1802 838 1863 890 et
1895 830 1967 890 ad
1996 832 2256 909 rigorem
2294 845 2360 894 86

225 917 519 978 stomachi
576 925 637 977 et
692 917 764 977 ad
821 918 1329 977 confirmationem
1388 916 1703 996 aqualiculi
1768 918 2084 979 conficitur
2143 921 2256 979 sic:

223 1005 642 1087 Cydoneorum
689 1008 1059 1066 incoctorum
1097 1014 1531 1085 tunsorumque
1580 1008 1709 1067 suci
1747 1004 1809 1066 θ
1838 1006 1882 1081 1,
1929 1005 2121 1067 mellis
2159 1007 2257 1067 de-

223 1098 485 1176 spumati
531 1093 594 1156 &
632 1094 688 1175 I,
733 1097 887 1155 aceti
933 1097 1141 1173 optimi
1188 1092 1250 1154 *S*
1288 1094 1332 1155 1.
1415 1093 1573 1155 Haec
1623 1097 1686 1156 in
1734 1114 1920 1157 unum
1965 1097 2259 1176 permixta

144 1205 196 1244 ιο
224 1203 366 1245 vaso
416 1183 641 1262 duplici
687 1183 1133 1265 decoquuntur,
1189 1184 1378 1244 donec
1434 1183 1701 1245 soliditas
1757 1185 1828 1246 ad
1885 1204 2072 1246 unum
2129 1203 2257 1246 sex-

226 1275 451 1335 tarium
507 1273 841 1355 redigatur,
898 1272 1136 1333 additur
1190 1272 1453 1352 pulveris
1509 1274 1842 1352 petrosilini
1899 1277 2074 1336 uncia
2123 1292 2258 1355 una,

228 1363 454 1443 cymini
500 1364 804 1422 semuncia
867 1369 927 1421 et
972 1360 1124 1422 bene
1172 1369 1684 1440 contemperatum
1746 1363 2112 1424 medicamen
2166 1382 2259 1423 va-

227 1451 396 1513 sculo
435 1453 624 1512 vitreo
664 1451 942 1511 conditur
981 1449 1093 1510 sub
1126 1449 1430 1528 signaculo
1461 1459 1637 1529 atque
1667 1451 1806 1511 inde
1840 1451 2108 1513 cocleare
2137 1450 2259 1530 ple-

231 1559 375 1600 num
423 1559 457 1600 a
502 1541 704 1600 ieiuno
751 1540 1059 1617 accipitur.

143 1651 198 1692 15
412 1629 774 1709 Oxyporium
801 1627 1214 1708 Olympianum
1244 1626 1511 1707 polyetes
1540 1627 1612 1687 ad
1638 1628 2029 1706 digestionem
2052 1646 2260 1708 paran·
2299 1643 2366 1693 87

231 1718 367 1779 dam
424 1719 641 1796 accipit
694 1717 867 1778 haec:
931 1716 1164 1795 Piperis
1211 1749 1297 1759 —
1336 1716 1361 1776 Ι
1401 1716 1468 1796 S,
1520 1716 1841 1795 zingiberis
1893 1749 1969 1760 —
2012 1716 2037 1777 1
2077 1716 2146 1799 83
2200 1719 2262 1777 in

229 1807 541 1886 pulverem
587 1806 826 1867 redacta
874 1813 936 1866 et
981 1814 1142 1866 creta
1191 1804 1356 1881 haec,
1403 1823 1539 1866 cum
1579 1805 1650 1865 ad
1690 1805 2079 1884 digestionem
2118 1814 2262 1867 tem·

231 1896 496 1975 peranda
543 1903 738 1975 erunt,
786 1914 858 1956 ex
902 1894 1076 1955 melle
1124 1893 1443 1955 dabuntur.

413 1983 777 2064 Oxyporium
843 1983 1309 2063 pancharianum
1375 1983 1447 2043 ad
1507 1983 1926 2063 digestionem,
1990 1981 2148 2060 quod
2208 1988 2269 2041 et
2305 1996 2372 2046 88

145 2097 200 2139 20
236 2073 558 2154 aqualiculi
597 2073 969 2152 corruptelas
1005 2072 1097 2133 vel
1136 2071 1443 2133 aciditates
1482 2074 1781 2133 consumit
1809 2079 1868 2132 et
1897 2070 2268 2132 stomachum

234 2170 601 2225 marcentem
660 2169 918 2242 recreat,
975 2164 1288 2222 tertianam
1347 2163 1522 2222 etiam
1582 2180 1718 2221 cum
1775 2163 1909 2223 vino
1966 2167 2027 2221 et
2081 2160 2270 2221 calida

239 2252 352 2314 sub
399 2252 547 2312 hora
595 2252 798 2313 datum
845 2253 996 2312 mire
1041 2250 1213 2331 tollit,
1261 2251 1579 2311 conficitur
1616 2253 1730 2311 sic:
1777 2249 2008 2329 Piperis
2052 2283 2127 2293 —
2162 2248 2269 2310 1111

241 2334 322 2429 2-
360 2339 460 2422 III,
508 2340 709 2401 siselei
762 2374 832 2384 —-
878 2339 920 2418 1,
967 2339 1290 2418 zingiberis
1340 2373 1417 2383 —
1461 2339 1487 2400 I
1527 2338 1586 2418 S,
1633 2357 1831 2400 amcos
1884 2372 1958 2382 —
1993 2339 2019 2400 1
2059 2332 2138 2426 9-
2176 2337 2272 2418 VI,

241 2433 410 2491 anesi
459 2463 537 2474 —
571 2429 642 2509 ΙΙ,
689 2429 947 2509 libystici
989 2461 1065 2472 —
1099 2428 1124 2488 1
1154 2428 1213 2509 S,
1260 2430 1523 2507 iuniperi
1558 2426 1806 2507 Hispani
1841 2461 1931 2471 —
1959 2426 1983 2486 1
2015 2420 2094 2514 9-
2123 2425 2272 2508 Vlll,

149 2545 212 2585 25
241 2522 324 2581 ita
380 2528 449 2580 ut
504 2520 844 2597 iuniperum
902 2517 1140 2578 abintus
1186 2525 1480 2597 purgetur
1527 2515 1758 2600 sublato
1806 2518 2030 2577 semine
2079 2523 2139 2576 et
2186 2518 2271 2576 sic

239 2616 492 2669 teratur.
574 2606 733 2667 Haec
790 2609 985 2668 omnia
1040 2609 1102 2667 in
1154 2605 1458 2685 pulverem
1504 2606 1743 2666 redacta
1789 2612 2164 2684 reponuntur
2210 2607 2272 2665 in

243 2696 461 2759 doliolo
517 2698 706 2757 vitreo
764 2698 1021 2775 signato,
1075 2694 1254 2775 ligula
1311 2695 1483 2774 plena
1539 2713 1611 2755 cx
1666 2693 1855 2755 mulsa
1901 2713 2051 2774 aqua
2098 2694 2274 2755 datur

239 2803 463 2847 ieiuno.

425 2874 513 2934 Ad
570 2874 951 2955 cruditatem,
1007 2891 1159 2953 quae
1215 2890 1495 2933 nauseam
1551 2872 1718 2951 facit,
1773 2870 2103 2932 remedium
2161 2872 2275 2931 sic:
2312 2884 2380 2934 89

158 2997 218 3037 30
245 2963 592 3025 vettonicae
649 2961 807 3041 drag.
852 2963 879 3022 1
933 2965 996 3022 in
1053 2961 1306 3042 oxymeli
1361 2960 1586 3041 cyathis
1639 2959 1833 3021 tribus
1878 2962 2062 3021 mixta
2106 2962 2277 3039 potui

247 3052 444 3114 datur.
527 3052 627 3113 Ius
683 3070 922 3132 quoque
968 3050 1260 3131 pullinum
1311 3049 1441 3128 [ubi
1487 3057 1693 3111 coctus
1739 3048 1945 3128 fuerit]
1994 3049 2276 3111 cruditati

247 3141 594 3222 opitulatur,
642 3144 694 3201 si
738 3143 801 3202 in
845 3142 1039 3220 primo
1086 3140 1336 3219 prandio
1384 3138 1716 3200 sorbeatur.

429 3319 462 3367 2
502 3310 883 3368 dissintericis.
1047 3309 1325 3366 mirabile.
1481 3316 1511 3365 7
1553 3308 1874 3380 aqualicoli.
2020 3313 2052 3362 8
2089 3322 2272 3388 sucus.

252 3389 320 3439 15
359 3382 617 3454 polietes.
780 3389 846 3438 16
885 3383 1140 3453 accipiet.
1300 3387 1367 3436 18
1405 3381 1649 3451 dabitur,
1686 3381 1914 3437 correxi.
2059 3384 2128 3433 20
2166 3393 2278 3433 aci-

251 3456 432 3512 divaS.
577 3460 644 3508 23
684 3453 885 3511 siselei.
1038 3459 1108 3509 24
1145 3451 1399 3510 libistici.
1551 3458 1620 3507 27
1660 3452 1901 3522 signata.
2052 3455 2119 3503 31
2157 3448 2280 3518 pul-

250 3527 435 3581 linum
479 3526 707 3596 scripsi.-
760 3524 1020 3595 pallium.
1161 3526 1327 3581 verba
1371 3522 1471 3578 ubi
1509 3523 1699 3578 coctus
1735 3521 1907 3577 fuerit
1939 3521 2054 3577 scil.
2092 3521 2279 3590 pullus

252 3599 515 3668 ylossema
552 3612 660 3652 ease
696 3603 852 3653 ratus
886 3598 1107 3653 inclusi.
