2575 4092
1018 233 1493 327 ÷329—

235 395 504 476 dimidio,
550 404 680 457 tum
724 394 976 457 relicum
1022 396 1220 457 oleum
1267 404 1329 458 et
1370 414 1508 458 cera
1545 405 1604 458 et
1642 397 2043 459 terebinthina
2078 398 2265 480 lique-

235 486 393 546 facta
439 486 724 545 mortario
771 485 1287 563 superfunduntur
1326 493 1386 546 et
1423 494 1933 566 concorporantur
1968 483 2267 567 atque‘ita

235 576 303 635 in
349 572 567 634 doliolo
613 574 802 634 vitreo
847 582 1240 654 reponuntur.

419 661 506 722 Ad
546 661 955 742 condylomata
990 665 1090 723 ani
1126 663 1267 725 facit
1304 661 1457 724 bene
1486 662 1796 724 elaterium
1824 667 2073 747 sincere,
2107 665 2266 746 quod
2301 678 2341 731 3

178 768 210 810 5
242 760 338 813 est
392 769 575 812 sucus
632 753 971 812 cucumeris
1025 751 1278 813 silvatici
1333 754 1679 831 conpositus
1723 755 1786 812 in
1832 756 2121 815 rationem
2167 773 2266 834 pa-

242 840 390 902 stilli
434 847 601 901 aceto
641 838 866 901 dilutus
913 848 973 901 et
1018 843 1100 901 ita
1145 840 1479 922 adpositus;
1536 842 1683 901 item
1735 841 1999 922 propolis
2048 861 2157 922 per
2204 861 2268 904 se

242 928 490 991 subacta
537 937 598 990 et
641 946 809 989 more
856 928 1161 1009 emplastri
1205 931 1463 1009 inposita
1507 928 1834 1009 plurimum
1878 930 2140 1010 prodest.

423 1017 588 1079 Facit
632 1017 786 1079 bene
832 1018 946 1079 hoc
992 1017 1490 1079 medicamentum
1528 1020 1626 1078 ani
1661 1020 1821 1080 vitiis
1857 1020 1971 1081 sic:
2016 1019 2269 1081 Resinae
2307 1037 2344 1084 4

242 1105 682 1169 terebinthinae
719 1105 770 1166 X
808 1106 900 1187 vl,
945 1125 1118 1169 cerae
1164 1107 1350 1188 idem3
1396 1108 1460 1167 in
1506 1125 1694 1168 unum
1737 1107 1885 1169 haec
1930 1116 2272 1189 coquuntur

158 1215 218 1254 10
248 1202 540 1275 quantum
604 1202 842 1275 oportet
905 1202 966 1256 et
1028 1195 1369 1257 adiciuntur
1430 1195 1526 1257 his
1590 1198 1815 1275 gagatis
1876 1196 2089 1276 lapidis
2143 1200 2273 1259 triti

246 1284 299 1344 X
346 1283 482 1365 11113
536 1283 711 1345 multi
764 1291 824 1344 et
879 1284 1049 1345 iridis
1105 1291 1388 1345 contusae
1444 1302 1513 1346 ac
1568 1287 1705 1345 vino
1760 1287 1976 1347 mixtae
2028 1293 2089 1347 et
2134 1286 2271 1347 sub-

246 1381 413 1435 actae
458 1372 734 1433 manibus
779 1372 942 1435 velut
986 1373 1208 1434 farinae
1255 1371 1478 1453 aliquid
1527 1372 1899 1435 addiderunt.

424 1461 552 1522 Hoc
590 1479 828 1541 quoque
869 1461 1366 1523 medicamentum
1402 1462 1651 1522 mirifice
1687 1462 1934 1540 prodest
1970 1465 2067 1523 ani
2094 1464 2270 1543 vitiis,
2310 1479 2344 1528 5

247 1557 482 1613 constat
530 1569 603 1611 ex
648 1550 770 1612 his:
816 1549 1108 1611 Aluminis
1153 1549 1357 1610 Melini
1393 1548 1444 1609 X
1481 1548 1553 1630 11,
1600 1549 1932 1611 chalcitidis
1978 1550 2030 1611 X
2065 1551 2112 1632 1,
2157 1552 2273 1612 fae-

157 1661 218 1702 15
247 1639 416 1702 culae
472 1638 525 1699 X
571 1639 624 1721 13
689 1647 970 1700 teruntur
1032 1639 1179 1700 haec
1242 1640 1440 1699 omnia
1493 1637 1811 1717 diligenter
1862 1642 2273 1719 permixtaque

246 1747 386 1791 cum
433 1746 584 1808 opus
631 1736 723 1789 est
766 1729 904 1789 vino
952 1736 1053 1789 aut
1098 1735 1266 1789 aceto
1304 1726 1489 1789 diluta
1526 1727 1922 1807 adponuntur.
1995 1728 2273 1789 Haemor-
2311 1747 2348 1795 6

246 1817 488 1878 rhoidas
544 1819 630 1878 sic
687 1818 888 1877 curari
952 1823 1216 1898 oportet,
1277 1818 1538 1896 primum
1604 1823 1672 1877 ut
1733 1816 2026 1895 prodeant
2086 1824 2273 1899 totae3

247 1906 409 1986 quod
466 1913 533 1967 ut
586 1906 714 1985 fiat,
769 1923 918 1967 anus
974 1905 1089 1966 hoc
1144 1904 1575 1966 medicamento
1629 1912 2064 1985 perunguetur:
2126 1905 2273 1967 Cen-

246 1996 444 2057 taurei
498 1997 628 2056 suci
673 1994 725 2054 X
771 1992 825 2054 11
877 2027 955 2037 —
1003 1994 1149 2055 haec
1195 1992 1382 2054 herba
1426 1992 1633 2054 Latine
1684 1993 1763 2054 fel
1808 2002 2005 2055 terrae
2054 1993 2276 2055 dicitur

161 2104 218 2144 so
248 2091 310 2145 et
363 2083 588 2163 ubique
644 2085 706 2144 in
760 2085 919 2162 agris
973 2084 1266 2164 nascitur3
1323 2089 1417 2143 est
1461 2089 1658 2143 autem
1704 2084 1905 2143 tenuis
1951 2082 2275 2144 multorum

248 2190 553 2233 ramorum
607 2172 670 2232 in
725 2179 958 2233 rectum
1017 2173 1420 2251 surgentium,
1483 2169 1661 2231 habet
1724 2170 1933 2232 florem
1996 2173 2276 2251 exiguum

247 2279 622 2342 purpureum
674 2281 765 2304 —·
801 2260 1062 2321 absinthi
1108 2262 1240 2322 suci
1284 2259 1336 2320 X
1382 2257 1465 2341 11,
1519 2259 1794 2321 aluminis
1850 2260 2062 2340 liquidi
2107 2259 2158 2321 X
2203 2260 2277 2343 11,

247 2352 433 2412 misni
487 2349 536 2409 X
584 2348 637 2430 1,
700 2348 920 2410 herbae
977 2348 1354 2429 peduclariae
1409 2347 1462 2408 X
1505 2348 1557 2430 1,
1613 2348 1805 2410 mellis
1861 2356 2147 2428 quantum
2203 2349 2276 2411 ad

251 2438 789 2519 conprehendenda
837 2456 906 2498 ea
953 2440 1095 2499 satis
1143 2440 1275 2498 erit.
1346 2435 1456 2496 His
1499 2446 1792 2516 peruncto
1838 2456 1950 2498 ano
1997 2445 2101 2498 aut
2145 2437 2276 2499 lana

16 2531 17 2620 χ
164 2547 223 2589 25
251 2530 441 2589 tincta
494 2529 749 2588 interius
804 2534 998 2608 trusa,
1063 2544 1201 2587 cum
1259 2524 1560 2586 desederit
1620 2527 1753 2604 quis
1819 2526 1892 2587 ad
1953 2526 2157 2587 sellam
2216 2534 2277 2588 et

249 2618 563 2697 paruerint
599 2622 757 2676 totae
803 2615 1306 2695 haemorrhoideS,
1354 2631 1533 2692 supra
1580 2616 1804 2693 scripto
1846 2615 2277 2676 medicamento

16 2693 18 2792 J
249 2723 466 2767 rursus
519 2704 672 2765 bene
727 2704 1056 2783 tangendae
1114 2710 1255 2763 sunt
1309 2700 1603 2782 undique,
1665 2704 1985 2782 praecipue
2044 2703 2277 2765 radices

16 2809 17 2816 ¹
251 2812 478 2877 earum,
524 2811 671 2873 quas
716 2792 876 2854 basis
924 2792 1147 2873 dicunt,
1194 2791 1268 2851 de
1318 2788 1549 2869 specilli
1592 2789 1903 2852 latitudine
1940 2791 2277 2852 inlinendae

253 2890 422 2964 sunt,
479 2882 732 2943 subinde
786 2884 1110 2961 inponente
1155 2880 1389 2941 medico
1438 2878 1733 2940 cumulate
1779 2879 2277 2941 medicamentum

169 2991 224 3031 so
252 2980 316 3034 et
369 2971 707 3032 adcrustate
761 2972 1149 3051 inprimente,
1214 2969 1403 3030 donec
1462 2967 1613 3028 bene
1673 2967 2019 3050 conbibant3
2084 2976 2277 3031 totum

250 3062 413 3123 enim
458 3062 522 3120 in
569 3078 639 3120 eo
686 3066 794 3141 est,
842 3067 908 3120 ut
954 3057 1028 3119 ab
1075 3058 1236 3119 omni
1282 3063 1451 3136 parte
1499 3063 1861 3119 saturentur.
1934 3056 2042 3119 Est
2079 3066 2277 3120 autem

144 3169 149 3170 ’
248 3150 365 3211 hoc
403 3148 898 3209 medicamentum
937 3149 1052 3208 sic:
1090 3145 1432 3207 Chalcitidis
1469 3151 1638 3206 'ustae
1676 3144 1883 3226 XIIII,
1921 3149 2075 3207 aeris
2112 3146 2279 3207 floris

248 3240 376 3300 usti
412 3237 464 3297 X
502 3236 628 3320 1111,
673 3237 852 3298 misni
890 3238 1011 3297 usti
1048 3235 1100 3295 X
1127 3235 1225 3316 111,
1272 3237 1428 3295 aeris
1466 3252 1745 3314 squamae
1784 3233 1835 3295 X
1863 3233 1934 3317 11,
1971 3235 2277 3315 diphrygis

433 3397 463 3444 1
504 3389 816 3444 dimidium.
960 3395 996 3444 4
1033 3388 1429 3444 condilemata.
1540 3391 1572 3440 5
1610 3387 1932 3455 conpositis.
2043 3395 2108 3444 12
2147 3388 2278 3444 fari—

243 3481 397 3520 nam.
527 3466 595 3516 22
631 3476 984 3531 purporeum.
1103 3465 1172 3515 23
1209 3457 1591 3529 puduclaxiae.
1710 3463 1779 3511 24
1817 3461 1951 3515 erat.
2070 3465 2139 3514 26
2175 3477 2279 3530 ap-

287 3532 542 3590 eruerint
581 3532 900 3588 Gornwn'us.
1071 3537 1140 3586 28
1178 3531 1347 3586 vasis,
1530 3526 1798 3597 specillis.
1981 3534 2048 3585 29
2088 3545 2277 3586 cumu-

271 3608 422 3662 atae.
566 3609 636 3659 30
672 3603 1042 3659 adcrustatae.
1188 3608 1257 3656 33
1296 3599 1616 3671 diphrycus.
