2575 4092
1121 230 1608 296 -322—

252 410 323 460 38
538 393 767 456 Dantur
812 393 964 455 bene
1012 392 1106 456 ad,
1132 393 1480 454 solvendum
1525 402 1794 454 ventrem
1839 394 2111 473 potiones
2151 391 2247 452 vel
2286 410 2394 470 po·

359 485 518 545 lenta
555 502 691 544 cum
730 501 907 562 aqua,
952 483 1016 543 in
1062 500 1176 562 qua
1216 483 1473 543 satureia
1525 489 1629 544 aut
1665 481 1929 561 puleium
1968 488 2071 541 aut
2112 480 2394 560 thymum

360 579 462 634 aut
515 571 702 632 herba
758 569 1129 632 Mercurialis
1184 573 1417 633 incocta
1473 572 1681 652 fuerit3
1736 569 1839 631 sed
1898 579 1957 631 et
2001 569 2148 630 haec
2196 571 2282 629 ita
2329 572 2392 629 in

359 661 553 723 tribus
609 663 885 721 sextariis
939 678 1125 739 aquae
1184 660 1628 740 decoquuntur,
1689 659 1877 720 donec
1933 658 2006 719 ad
2061 660 2394 719 sextarium

358 749 755 831 perducatur3
817 749 889 810 ad
954 748 1321 809 inflationem
1377 768 1517 810 vero
1582 748 1872 809 stomachi
1934 747 2260 808 saliuncam
2330 749 2393 806 in
2421 763 2451 804 ⁵

360 856 511 917 aqua
567 838 821 918 decoqui
875 845 1113 917 oportet
1166 846 1227 898 et
1273 840 1552 916 exiguum
1601 844 1835 898 acetum
1882 836 2034 897 adici
2082 844 2261 914 atque
2311 838 2393 895 ita

357 928 528 1007 potui
575 926 721 988 dari.

252 1030 322 1079 39
540 1015 844 1095 Hysopum
889 1016 1084 1075 ventri
1135 1015 1425 1075 movendo
1472 1015 1881 1075 vehementius
1927 1020 2020 1073 est
2064 1030 2240 1091 quam
2292 1011 2393 1072 ab·

361 1104 677 1183 sinthium,
744 1103 920 1163 datur
986 1113 1183 1163 autem
1249 1103 1524 1164 similiter
1577 1102 1888 1164 decoctum
1945 1108 2120 1182 atque
2180 1100 2393 1161 eadem

360 1210 667 1273 mensura3
694 1260 700 1264 ,
724 1190 969 1271 prodest
1024 1193 1201 1251 etiam
1254 1190 1378 1273 his,
1434 1191 1653 1270 quibus
1709 1194 1769 1252 in
1824 1198 2067 1270 pectore
2120 1189 2394 1268 liquores
2421 1205 2474 1246 ιο

361 1280 645 1358 glutinosi
692 1278 1056 1361 subsistunt,
1115 1281 1219 1357 qui
1269 1288 1330 1341 et
1377 1280 1643 1359 spirandi
1688 1280 2097 1341 difficultatem
2143 1288 2206 1339 et
2250 1280 2392 1339 stri-

363 1369 569 1429 dorem
610 1368 900 1429 stomachi
937 1368 1189 1449 faciunt3
1234 1371 1380 1430 item
1419 1369 1513 1429 his
1549 1369 1811 1450 prodest,
1854 1370 1958 1447 qui
1995 1370 2057 1428 in
2094 1374 2221 1428 toto
2260 1386 2394 1428 cor-

359 1475 505 1537 pore
552 1456 830 1518 videntur
877 1456 1140 1536 liquores
1186 1466 1501 1519 concretos
1546 1457 1784 1518 habere.

255 1560 327 1609 40
543 1545 738 1607 Alium
769 1565 905 1607 cum
934 1545 1153 1606 herbae
1181 1546 1552 1607 Mercurialis
1581 1545 1738 1607 foliis
1767 1553 1869 1606 aut
1897 1546 2122 1606 semine
2151 1553 2390 1605 coctum

360 1633 453 1695 vel
498 1654 637 1695 cum
683 1642 817 1695 ruta
865 1643 924 1696 et
970 1634 1267 1696 absinthio
1315 1642 1552 1696 coctum
1606 1638 1793 1713 magis
1847 1642 2044 1694 movet
2098 1642 2390 1712 ventrem,
2417 1650 2473 1690 15

359 1724 624 1801 liquores
691 1731 890 1784 autem
957 1741 1163 1784 omnes
1228 1723 1477 1785 adiectis
1543 1723 1774 1784 duabus
1832 1722 2114 1784 radiculis
2167 1724 2390 1783 veratri

360 1813 517 1889 nigri
553 1814 730 1872 etiam
767 1814 831 1872 in
868 1811 1022 1873 febri
1059 1812 1261 1873 datum
1302 1812 1543 1874 deducit
1579 1831 1687 1893 per
1724 1821 1990 1873 ventrem
2027 1810 2119 1872 vel
2146 1828 2389 1872 sursum

359 1918 569 1961 versus
614 1919 724 1978 per
769 1902 1053 1963 vomitum
1099 1908 1331 1981 purgat.

252 2001 320 2050 41
540 1988 910 2073 Embamma,
958 2008 1076 2069 quo
1121 1997 1332 2050 venter
1377 1988 1642 2070 solvitur,
1689 1990 1803 2051 sic:
1864 1988 2209 2049 Scamoniae
2254 1988 2310 2047 X
2348 1988 2391 2070 1,
2553 2067 2554 2074 ἵ

360 2077 678 2156 zingiberis
737 2078 788 2138 X
843 2077 895 2160 I,
955 2081 1181 2157 piperis
1236 2078 1288 2138 X
1345 2078 1398 2161 1,
1462 2079 1606 2139 nitri
1661 2078 1712 2140 X
1770 2077 1812 2137 Ι.
1916 2076 2077 2138 Haec
2140 2085 2390 2138 contusa
2420 2091 2480 2132 so

270 2186 273 2190 ⁴
362 2172 422 2225 et
479 2165 734 2226 cribrata
792 2174 1196 2247 reponuntur3
1251 2167 1390 2228 inde
1447 2186 1586 2229 cum
1640 2185 1791 2247 opus
1846 2174 1939 2227 est
1988 2167 2249 2226 sumitur
2296 2185 2392 2228 co·

361 2253 553 2314 cleare
608 2253 848 2332 plenum
912 2263 972 2315 et
1030 2254 1285 2316 adicitur
1342 2255 1668 2317 embamma
1724 2255 1945 2316 factum
2002 2273 2072 2315 ex
2128 2273 2271 2334 garo
2332 2264 2392 2316 et

365 2349 533 2402 aceto
580 2360 894 2403 mensurae
941 2344 1137 2422 cyathi
1181 2344 1428 2405 dimidii.
1501 2344 1590 2404 Ex
1635 2344 1749 2405 hoc
1796 2344 2086 2405 lactucam
2133 2353 2237 2404 aut
2269 2344 2392 2405 vol·

363 2449 495 2491 vam
552 2431 863 2492 comedere
910 2433 1176 2493 ieiunum
1224 2439 1489 2513 oportet,
1542 2433 1645 2494 sed
1694 2435 1941 2513 sensim,
1988 2450 2109 2493 non
2154 2435 2391 2493 univer-

365 2537 507 2580 sam.
582 2519 730 2581 Cum
777 2521 912 2601 quis
959 2540 1067 2601 per
1104 2529 1372 2583 ventrem
1409 2529 1697 2602 purgatus
1735 2522 1934 2602 fuerit,
1981 2523 2157 2582 etiam
2197 2531 2394 2583 vomat
2420 2535 2478 2575 2⁵
2553 2525 2554 2580 ὲ

363 2610 422 2667 in
481 2607 713 2668 balineo
770 2610 1295 2691 medicamentum,
1358 2628 1476 2689 quo
1533 2612 1756 2671 reiecto
1813 2611 2053 2671 domum
2113 2629 2393 2672 reversus
2553 2593 2554 2656 ἶ

367 2695 566 2756 cibum
615 2699 986 2760 sufficienter
1032 2705 1092 2759 et
1138 2701 1340 2759 vinum
1389 2707 1599 2760 sumat.

254 2796 326 2845 42
542 2784 707 2845 Vinis
765 2789 852 2847 uti
908 2793 1143 2866 oportet
1197 2788 1268 2847 ad
1325 2788 1746 2848 intestinorum
1804 2786 2039 2848 dolores
2094 2786 2268 2848 factis
2319 2806 2390 2848 ex
2553 2777 2554 2860 ἶ

362 2880 496 2934 ruta
537 2881 596 2935 et
632 2874 849 2955 puleio,
897 2879 1046 2956 apio,
1093 2878 1355 2958 origano,
1402 2894 1599 2957 aneso,
1647 2876 1853 2958 dauco,
1889 2875 2115 2956 thymo,
2148 2876 2391 2958 hysopo,

362 2980 603 3042 panace,
651 2963 964 3044 dictamno,
1011 2964 1244 3025 anetho.
2415 2978 2472 3018 ³⁰
2553 2971 2554 2976 ’

255 3062 329 3111 43
547 3049 764 3112 Sabuci
828 3071 1030 3113 semen
1096 3055 1306 3113 tritum
1362 3071 1498 3113 cum
1553 3054 1691 3113 vine
1746 3053 1949 3113 datum
2004 3060 2066 3113 ct
2119 3061 2388 3114 ventrem

358 3148 555 3200 movet
593 3148 652 3200 et
689 3141 933 3218 prodest
968 3143 1392 3202 intestinorum
1431 3140 1762 3222 doloribus3
1800 3138 2213 3220 chamaeropis
2243 3160 2386 3221 quo-

360 3247 474 3306 que
540 3246 742 3290 semen
812 3248 882 3290 ex
938 3231 1074 3290 vino
1129 3229 1333 3291 datum
1392 3230 1663 3292 similiter
1717 3230 1964 3309 prodest
2028 3247 2264 3291 necnon
2329 3239 2388 3291 et

360 3316 756 3398 chamaepitys
795 3319 935 3379 trita
976 3337 1047 3379 ex
1085 3320 1221 3378 vino
1260 3325 1399 3399 pota
1435 3319 1593 3380 idem
1630 3326 1908 3400 praestat,
1957 3320 2137 3380 etiam
2180 3337 2386 3380 semen

536 3458 568 3506 2
609 3453 877 3524 satureia]
914 3455 1013 3508 aut
1048 3468 1194 3509 cera..
1285 3453 1551 3523 poleium.
1646 3458 1710 3507 11
1745 3452 2056 3523 gluttinosi.
2161 3458 2227 3508 13
2257 3470 2386 3508 con-

359 3523 565 3593 cretos]
606 3525 916 3581 concoctos.
1073 3529 1143 3579 14
1180 3523 1359 3579 alium
1397 3529 1496 3580 zm
1533 3523 1730 3579 allium
1766 3530 1884 3581 2m.
2045 3528 2118 3579 28
2155 3524 2388 3594 oportit.

356 3597 426 3644 29
466 3593 681 3648 daucio.
829 3601 895 3648 32
936 3596 1268 3665 chameropi.
