2575 4092
1018 238 1492 303 —187—

1096 416 1254 479 CAP.
1301 417 1425 479 XX.

237 530 352 587 Ad
407 529 635 585 omnia
690 528 1023 585 stomachi
1073 529 1239 586 vitia
1293 533 1365 586 et
1418 531 1509 586 ad
1554 544 1790 588 omnes
1834 533 1984 589 eius
2030 546 2273 591 oeneus

236 620 312 673 et
348 617 621 674 dolores
658 611 730 673 et
761 619 854 674 ad
891 631 1164 674 omnem
1202 618 1611 676 eruditatem
1639 623 1847 690 atque
1876 621 2273 691 indigeriem

234 706 720 776 depellendam
758 709 828 763 et
862 707 954 762 ad
989 720 1262 763 omnem
1295 708 1640 765 viseerum
1664 712 1872 779 atque
1900 711 2275 781 aqualiculi

236 795 825 852 confirmationem
861 795 1185 865 antidota,
1222 796 1685 867 epithemath,
1731 799 2065 868 potiones,
2109 814 2271 869 oxy-

231 885 430 954 poris.
449 925 466 952 ,
529 884 889 940 unctiones
952 884 1222 953 aliaque
1296 885 1630 942 nonnulla
1699 886 2128 944 rationabilia
2202 894 2272 945 et

352 973 637 1042 physica
682 973 982 1029 remedia
1026 973 1294 1029 diversa
1338 974 1825 1044 experimentis
1869 977 2155 1044 probata

943 1075 1218 1131 usuque
1266 1062 1575 1120 oolleota.

418 1198 751 1279 Principale
812 1207 988 1279 atque
1052 1201 1296 1260 unicum
1351 1200 1682 1262 remedium
1737 1201 1809 1262 ad
1866 1202 2157 1263 stomachi
2210 1213 2270 1265 et
2311 1219 2335 1267 1

234 1287 444 1349 lateris
482 1286 746 1348 dolorem
788 1287 1017 1367 aliaque
1056 1288 1337 1349 nonnulla
1375 1290 1594 1350 interni
1632 1292 1901 1369 corporis
1946 1290 2112 1372 mala,
2160 1309 2270 1354 seu

236 1395 376 1438 cum
433 1375 599 1437 febre
660 1378 785 1437 sive
832 1378 961 1437 sine
1008 1375 1174 1437 febre
1222 1377 1462 1440 fuerint.
1554 1376 1662 1438 Est
1708 1381 1867 1440 enim
1917 1382 2267 1460 compositio

235 1466 506 1546 mirifica,
546 1465 748 1526 multis
777 1467 1018 1526 omnino
1054 1467 1387 1527 necessaria
1425 1466 1578 1526 infra
1619 1468 1860 1546 scriptis
1896 1470 2110 1548 causiS‚
2149 1486 2270 1530 non

174 1570 205 1612 5
236 1556 506 1633 ignorata
561 1553 802 1633 quidem
859 1553 1297 1633 antiquioribus
1350 1555 1598 1616 medicis
1653 1562 1900 1635 propter
1950 1557 2270 1619 effectuum

235 1642 615 1723 probitatem,
653 1642 759 1704 sed
796 1645 1118 1723 praecipue
1153 1661 1185 1702 a
1213 1642 1426 1704 Paccio
1456 1643 1747 1704 Antiocho
1777 1643 2046 1705 auditore
2074 1644 2267 1705 Philo-

236 1732 396 1793 nidis
443 1731 800 1793 Catiniensis
845 1750 961 1793 usu
1007 1730 1349 1813 inlustrata3
1408 1732 1549 1793 fecit
1603 1734 1762 1793 enim
1810 1750 2055 1812 magnos
2093 1752 2268 1813 quae-

237 1829 368 1882 stus
416 1839 488 1881 ex
535 1838 604 1880 ea
649 1828 897 1900 propter
944 1819 1190 1881 crebros
1233 1838 1552 1882 successus
1588 1822 1651 1880 in
1689 1821 1848 1881 vitiis
1885 1820 2267 1905 difficillimis,

235 1909 343 1971 sed
387 1928 462 1973 ne
509 1909 608 1970 hic
656 1910 897 1990 quidem
942 1927 1222 1989 umquam
1264 1909 1367 1970 ulli
1405 1911 1571 1970 vivus
1608 1911 1739 1969 vivo
1779 1912 2268 1989 compositionem

28 2028 31 2067 ς.
146 2016 205 2056 10
235 2001 412 2060 istam
459 1998 735 2060 ostendit.
809 1998 953 2059 Post
999 2007 1252 2059 mortem
1291 1997 1534 2059 Tiberio
1572 1997 1811 2059 Caesari
1856 2015 1966 2077 per
2002 1996 2267 2060 libellum

235 2082 529 2168 scriptum
576 2088 710 2148 data
757 2094 850 2148 est
896 2096 957 2149 et
1000 2105 1110 2166 per
1157 2106 1296 2149 eum
1342 2089 1404 2148 in
1453 2086 1829 2148 bibliothecis
1870 2086 2127 2166 publicis
2164 2106 2296 2168 po·-

235 2179 348 2239 sita
396 2177 558 2237 venit
603 2178 665 2237 in
713 2195 924 2238 manus
973 2184 1233 2258 nostraS‚
1290 2195 1467 2256 quam
1524 2185 1659 2238 ante
1717 2175 1879 2237 nullo
1937 2176 2113 2237 modo
2169 2195 2265 2239 ex-

234 2264 475 2327 trahere
521 2267 845 2347 potuimus‚
894 2267 1160 2345 quamvis
1208 2268 1407 2326 omnia
1453 2266 1790 2347 fecerimuS,
1841 2272 1909 2326 ut
1956 2268 2266 2348 sciremuS,

237 2373 389 2435 quae
447 2363 621 2416 esset.
712 2354 847 2434 lpse
895 2356 1054 2415 enim
1099 2354 1339 2416 clausus
1386 2354 1778 2434 componebat
1824 2373 1953 2415 eam
2002 2374 2112 2417 nec
2161 2356 2268 2418 ulli

148 2458 208 2500 15
240 2462 489 2505 suorum
537 2443 945 2505 committebat
991 2443 1279 2522 pluraque
1329 2461 1507 2523 quam
1549 2446 1763 2523 recipit
1802 2445 2102 2522 pigmenta
2149 2447 2266 2506 emi

235 2541 298 2594 et
345 2532 634 2594 contundi
678 2531 921 2594 iubebat
965 2531 1207 2593 fallendi
1252 2549 1394 2592 suos
1442 2551 1619 2593 causa
1674 2540 1735 2593 et
1786 2550 1926 2593 sane
1964 2534 2028 2592 in
2066 2532 2264 2594 libello

234 2625 365 2701 ipse
423 2621 643 2683 fatetur
698 2639 817 2681 non
873 2638 904 2681 a
953 2639 1017 2681 se
1063 2623 1393 2702 inventam,
1450 2621 1570 2681 sed*
1604 2639 1717 2682 usu
1764 2623 2060 2682 exactiore
2109 2639 2265 2683 com-

233 2710 563 2790 probatam,
610 2711 682 2771 ad
732 2729 882 2789 quae
929 2711 1071 2770 vitia
1117 2717 1176 2770 et
1222 2728 1361 2771 cum
1407 2708 1625 2788 quibus
1672 2718 1733 2771 et
1771 2710 2266 2788 quemadmodum

235 2799 370 2860 data
425 2799 763 2878 proficeret.
845 2797 954 2859 Est
1010 2800 1168 2859 enim
1216 2816 1337 2858 non
1382 2799 1609 2879 ignota,
1655 2797 2021 2877 ponderibus
2067 2807 2266 2860 tamen

149 2901 209 2943 so
235 2890 500 2968 antiquis
555 2895 658 2948 aut
713 2887 929 2948 adiecit
975 2896 1078 2947 aut
1123 2886 1380 2948 detraxit
1426 2886 1648 2966 aliquid
1710 2894 1770 2947 et
1816 2905 1940 2968 res,
1998 2905 2146 2966 quae
2202 2889 2265 2949 in

232 2977 346 3037 hac
395 2978 824 3056 compositione
871 2984 1029 3057 sunt,
1076 2994 1195 3036 non
1244 2977 1452 3053 utique
1499 2976 1863 3035 conveniunt
1898 2974 1971 3035 ad
2010 2977 2264 3056 antiqui·

234 3074 437 3128 tatem.
508 3064 815 3126 Interdum
861 3067 1021 3126 enim
1069 3082 1276 3124 earum
1323 3063 1611 3143 quaedam
1650 3071 1710 3124 et
1747 3082 1866 3124 non
1906 3071 2026 3125 tam
2063 3064 2265 3146 multa,

236 3154 527 3234 quaedam
564 3156 763 3215 minus
801 3163 861 3215 et
897 3153 1161 3233 pondere
1200 3161 1260 3214 et
1299 3170 1547 3213 numero
1591 3154 1927 3231 specierum
1964 3156 2267 3233 accipiunt

420 3331 487 3380 14
522 3325 631 3380 ulli
665 3340 694 3380 e
729 3324 1008 3380 Scribam.-
1043 3320 1174 3378 ullis
1214 3323 1535 3379 Coo-narius.
1678 3328 1745 3378 15
1773 3324 1885 3380 emi
1913 3324 1994 3395 et]
2025 3323 2268 3393 ipsemet

236 3397 490 3454 scribon.
669 3400 738 3450 22
776 3394 1065 3450 Interdum
1102 3395 1277 3467 enim]
1326 3395 1510 3451 Locus
1557 3399 1851 3462 corruptus
1895 3410 2005 3450 esse
2049 3395 2267 3449 videtur

234 3484 407 3539 neque
458 3485 495 3523 a
541 3467 860 3535 Scribonio,
905 3468 1065 3522 cuius
1107 3468 1271 3522 verba
1325 3468 1387 3535 (c.
1429 3467 1519 3534 97)
1556 3465 1839 3520 interdum
1887 3466 2035 3519 enim
2073 3480 2265 3519 earum

234 3541 517 3608 quaedam
563 3539 753 3607 plures
804 3537 978 3593 etiam
1025 3553 1255 3592 numero
1305 3536 1590 3605 accipiunt
1636 3537 1806 3602 atque
1854 3536 1980 3590 ideo
2018 3540 2110 3590 etc.
2150 3551 2266 3591 non

234 3612 413 3683 mayis
449 3612 665 3679 inteyra
701 3615 850 3676 sunt,
885 3610 1158 3665 medicina
1185 3610 1307 3679 peti
1333 3613 1529 3679 potest.
