2575 4092
961 235 1438 298 -223-

183 417 256 459 ex
318 415 386 457 ea
441 398 645 457 ieiuno
701 398 763 456 in
819 396 1021 458 dolore
1083 397 1401 458 bibendam
1467 396 1633 458 dabis
1697 399 1877 478 idque
1943 418 2052 479 per
2111 402 2213 461 tri·

181 487 372 548 duum
420 486 620 546 facies,

365 574 452 635 Ad
502 581 734 634 veteres
779 574 1061 634 iocineris
1108 573 1344 635 dolores
1390 576 1556 654 potio
1601 577 1819 654 optima
1867 578 1980 638 sic:
2031 576 2211 638 Nardi
2249 591 2281 639 6

185 666 387 742 spicae
430 655 509 748 9-
547 660 694 742 VIII,
741 664 901 722 croci
941 655 1020 748 9-
1057 662 1128 744 11,
1174 680 1407 742 myrrae
1448 656 1527 749 9-
1566 662 1663 744 III,
1711 667 1901 725 casiae
1947 658 2026 751 9-
2066 665 2213 748 VIII,

127 769 155 809 5
185 753 434 813 schoeni
474 743 554 837 ᾂ-
583 749 729 811 VIII.
799 749 1010 811 Omnia
1047 753 1186 812 trita
1224 760 1285 812 et
1321 750 1565 812 criblata
1607 751 1777 812 melle
1815 756 2036 832 optimo
2074 773 2212 816 con·

183 840 526 920 prebendes
565 848 624 900 et
663 838 830 900 dabis
858 840 1058 900 ieiuno
1088 842 1150 901 in
1178 841 1421 921 potione
1453 833 1533 927 ᾂ-
1562 839 1642 900 III
1671 859 1742 901 ex
1771 860 1958 921 aquae
1986 843 2210 904 mulsae

185 930 417 1009 cyathis
462 927 587 1010 IIII,
634 946 947 1008 quousque
994 930 1201 990 vitium
1249 931 1528 1009 extirpeS.

366 1017 452 1077 Ad
493 1025 791 1078 tumorem
826 1019 1106 1078 iocineris
1144 1025 1203 1078 et
1240 1018 1311 1078 ad
1350 1018 1710 1097 dyspnoeam
1740 1018 2067 1079 remedium
2097 1021 2210 1082 sic:
2249 1034 2278 1082 ’7

185 1105 554 1185 Petrosilini‚
607 1107 785 1187 costi,
831 1105 1230 1185 chamaepitys
1275 1125 1463 1187 aequa
1507 1107 1771 1186 pondera
1818 1108 2053 1189 tundeS,
2099 1111 2238 1192 cri-‚

102 1213 157 1252 ιο
185 1195 376 1256 blabis
415 1202 475 1255 et
511 1195 679 1255 dabis
716 1196 917 1255 ieiuno
947 1198 1174 1274 epatico
1205 1195 1323 1256 duo
1352 1195 1628 1257 cocliaria
1658 1215 1792 1257 cum
1825 1215 1974 1277 aqua
2002 1197 2212 1259 mulsa.

183 1283 592 1365 Melambium,
628 1283 687 1344 id
728 1291 819 1344 est
853 1285 957 1363 git,
993 1293 1278 1364 quantum
1318 1283 1585 1345 cocleare
1624 1288 1930 1369 recipitur,
1967 1294 2209 1347 contere
2248 1300 2280 1349 8

187 1382 249 1434 et
304 1372 376 1434 da
435 1391 571 1432 cum
629 1374 763 1432 vino
819 1372 1021 1451 tepido
1084 1371 1245 1433 dulci
1308 1372 1629 1433 bibendum
1694 1375 1895 1434 ieiuno
1961 1377 2208 1454 epatico.

184 1462 448 1522 Nimium
495 1460 797 1522 laudatum
843 1463 1194 1521 iocinerosis
1231 1461 1560 1521 remedium
1604 1463 1716 1522 sic:
1762 1462 1961 1522 Picem
2000 1463 2210 1523 duram
2247 1476 2279 1524 9

188 1558 433 1612 contere
472 1558 532 1611 et
570 1568 643 1609 ex
682 1569 749 1609 ea
788 1548 859 1609 da
887 1550 1212 1629 potandum
1241 1550 1442 1610 ieiuno
1471 1550 1699 1628 epatico
1730 1550 1995 1610 cocleare
2027 1569 2210 1611 unum

101 1656 156 1696 15
187 1659 326 1701 cum
371 1641 507 1699 vino
545 1646 804 1699 austero.
877 1637 945 1697 In
990 1638 1206 1699 lamina
1243 1649 1482 1716 stagnea
1522 1636 1746 1699 scribe:
1791 1638 1877 1699 Ite
1914 1640 2220 1699 ΝΕΡΩΝ
2253 1653 2318 1702 10

187 1737 248 1789 et
285 1727 545 1807 desuper
581 1745 799 1787 nomen
835 1729 966 1787 eius
1003 1728 1341 1808 iocinerosi,
1378 1727 1477 1787 cui
1513 1726 1742 1786 mederi
1768 1727 1946 1808 voles,
1989 1727 2211 1807 scribe3

185 1817 461 1878 laminam
510 1834 648 1875 vero
696 1814 833 1876 licio
878 1815 1117 1894 ligatam
1164 1814 1315 1876 collo
1368 1817 1497 1875 eius
1544 1815 1874 1894 suspendes
1926 1815 2210 1876 mundus-

189 1924 304 1985 que
350 1905 410 1965 id
458 1905 652 1965 facito.

363 1992 647 2053 Absinthi
695 1992 930 2072 florem,
977 1994 1223 2073 casiam,
1271 2010 1542 2073 crocum,
1587 1992 1757 2053 nardi
1806 1995 2047 2072 spicam,
2093 2011 2214 2053 asa·
2257 2007 2320 2063 11

114 2101 171 2141 κο
201 2101 353 2163 rum,
394 2081 638 2142 schoeni
674 2081 901 2163 florem,
938 2081 1162 2161 folium,
1197 2083 1523 2159 masticem,
1552 2080 2033 2161 xylobalsamum,
2059 2099 2217 2142 amo-

186 2189 371 2254 mum,
400 2172 739 2231 cinnamum
768 2169 839 2230 ad
870 2169 1142 2249 dragmas
1172 2177 1465 2248 septenaS,
1494 2169 1654 2230 aloes
1680 2169 1917 2231 Indicae
1939 2167 2094 2250 drag.
2118 2168 2215 2232 VI:

192 2260 406 2321 tundes
464 2267 525 2319 et
578 2258 869 2319 cribrabis
924 2259 1153 2338 singula
1200 2260 1518 2338 separatim
1566 2259 1890 2339 eademque
1935 2258 2216 2320 miscebis

188 2357 366 2428 atque
415 2348 552 2408 inde
600 2347 876 2407 cocliaria
922 2347 1058 2408 bina
1116 2350 1318 2408 ieiuno
1366 2349 1597 2426 epatico
1644 2366 1781 2408 cum
1825 2347 2017 2408 mulsa
2063 2366 2214 2427 aqua

189 2438 389 2517 tepida
428 2443 532 2497 aut
570 2438 706 2497 vino
743 2442 944 2496 vetere
983 2444 1223 2497 austero
1261 2454 1371 2514 per
1407 2437 1673 2496 triduum
1703 2435 1896 2517 dabis;
1935 2436 2091 2516 quod
2121 2454 2213 2495 re·

105 2544 159 2586 25
188 2526 454 2587 medium
493 2533 552 2585 et
579 2524 650 2584 ad
681 2525 1073 2602 digestionem
1103 2532 1163 2585 et
1190 2524 1263 2584 ad
1294 2523 1593 2603 crapulam
1622 2524 2029 2604 deponendam
2058 2524 2214 2584 facit.

365 2613 713 2675 Antidotum
752 2613 822 2673 ad
863 2615 1125 2692 epaticos
1154 2614 1267 2673 sic:
1313 2611 1580 2673 Pelecini
1604 2615 1865 2695 seminiS,
1902 2614 2213 2693 eupatorii,
2252 2626 2317 2674 12

192 2704 474 2764 iocineris
521 2701 737 2782 lupini,
783 2703 934 2780 picis
979 2701 1273 2782 Bruttiae,
1321 2704 1498 2783 costi,
1545 2702 1941 2782 faenograeci,
1986 2703 2212 2781 piperis

185 2794 379 2872 paria3
426 2790 572 2851 haec
610 2790 844 2872 tundeS,
887 2790 1166 2851 criblabis
1214 2799 1275 2850 et
1321 2789 1492 2850 melle
1539 2790 1990 2869 conprehendes
2036 2797 2211 2868 atque

186 2881 326 2941 inde
366 2881 653 2959 catapotia
693 2878 763 2939 ad
795 2881 1006 2940 ciceris
1035 2878 1504 2958 magnitudinem
1534 2898 1604 2939 ex
1634 2897 1784 2959 aqua
1813 2879 1997 2939 calida
2027 2876 2211 2938 dabis,

102 2982 160 3027 so
368 2967 714 3028 Antidotum
760 2966 1096 3028 Philonium
1145 2967 1215 3027 ad
1264 2968 1545 3027 iocineris
1592 2975 1651 3027 et
1696 2967 1767 3028 ad
1816 2969 2081 3028 omnium
2130 2968 2210 3027 vi·
2253 2980 2317 3028 13

187 3076 428 3118 scerum
465 3058 828 3117 intrinsecus
867 3055 1129 3118 dolorem
1171 3058 1284 3116 sic:
1325 3055 1498 3116 Croci
1529 3088 1605 3099 —
1639 3054 1703 3137 V,
1741 3055 2010 3135 pyrethri
2036 3054 2211 3137 idem,

183 3148 411 3226 piperis
449 3144 568 3205 albi
604 3142 763 3223 drag.
792 3144 919 3225 XX,
964 3145 1304 3224 hyoscyami
1343 3144 1487 3225 drag
1511 3143 1637 3227 XX,
1684 3144 1939 3205 euforbii
1977 3141 2137 3222 drag.
2167 3144 2211 3224 1,

185 3236 357 3296 nardi
410 3234 603 3295 Indici
657 3230 817 3313 drag.
864 3233 914 3315 1,
971 3235 1091 3313 opii
1139 3230 1301 3310 drag.
1340 3232 1382 3293 1.
1474 3232 1637 3303 Quae
1689 3240 1830 3295 sunt
1876 3236 2032 3294 sicca
2078 3241 2211 3293 tun-

184 3324 431 3402 duntur,
477 3330 677 3384 cetera
722 3325 785 3383 in
829 3324 1113 3384 mortario
1161 3329 1558 3383 conteruntur
1605 3330 1665 3383 et
1708 3323 2002 3402 permixta
2038 3319 2211 3380 melle

212 3509 219 3515 .
367 3465 399 3514 3
435 3457 834 3528 nardispiscae.
991 3464 1027 3512 4
1061 3458 1281 3513 miri-ae.
1436 3462 1469 3510 5
1514 3456 1715 3510 scoeni.
1861 3462 1894 3510 8
1933 3452 2209 3521 dispnian.

189 3537 221 3585 9
259 3529 606 3600 petrosileni.
788 3529 1176 3600 chamaepitiS.
1357 3533 1426 3582 20
1465 3528 1669 3581 scoeni.
1847 3531 1915 3580 26
1952 3522 2210 3579 belecini.

185 3599 471 3670 etpatorii.
562 3605 631 3655 28
669 3617 746 3656 cm
782 3600 944 3669 paria
977 3599 1263 3669 pondera?
1352 3604 1418 3652 31
1457 3595 1710 3666 pirethri.
1800 3602 1866 3650 32
1904 3596 2210 3666 yoscyami.
