2575 4092
1109 277 1185 288 —
1281 241 1587 308 284-—

227 419 297 468 64
511 403 744 466 Herbae
811 404 1250 485 quinquefoliae
1311 405 1480 465 radix
1533 406 1596 464 in
1651 403 1864 465 umbra
1918 403 2177 463 arefacta
2224 420 2371 463 con-

332 503 586 573 tusaque
641 501 702 554 et
755 512 827 554 ex
882 495 1018 554 vino
1073 492 1347 572 polentae
1403 494 1532 554 vice
1579 501 1716 573 pota
1760 494 1911 553 mire
1958 492 2181 571 cyliaco
2231 508 2373 552 suc-

227 595 294 645 65
334 584 541 662 currit,
578 582 685 643 sed
720 581 1080 644 febricitanti
1118 601 1191 643 ex
1230 600 1381 661 aqua
1413 580 1599 642 calida
1629 581 1700 642 da
1728 580 2071 642 bibendum.
2137 579 2372 660 Caprae

334 670 632 732 silvaticae
686 672 855 732 iecur
905 669 1265 732 carbonibus
1311 672 1637 731 inassatum
1684 677 1744 730 et
1788 688 1898 749 per
1943 687 2009 730 se
2055 676 2374 748 sumptum

334 760 588 840 cyliacos
626 758 915 822 remediat
950 760 1228 839 idemque
1265 759 1591 821 arefactum
1628 767 1689 820 et
1725 760 1932 819 tritum
1970 764 2031 818 et
2060 775 2199 818 cum
2225 759 2372 818 vino
2400 770 2426 812 5

228 863 297 912 66
334 850 505 928 potui
550 848 752 910 datum
799 850 1130 909 certissime
1177 847 1575 909 auxiliabitur.
1658 846 1879 908 Caseus
1926 848 2125 907 siccus
2170 853 2374 906 trans-

333 939 602 998 marinus
648 943 922 999 vetustus
967 937 1197 998 adiecto
1246 936 1343 998 sili
1379 934 1601 997 Gallico
1649 944 1711 997 et
1757 935 1952 996 sorbis
1998 935 2183 995 aridis
2232 933 2370 995 dili·

336 1034 548 1106 genter
593 1024 869 1086 omnibus
914 1027 1073 1086 tritis
1119 1033 1181 1086 et
1227 1043 1365 1086 cum
1412 1026 1533 1085 vini
1577 1026 1799 1085 veteris
1837 1025 2094 1085 austeris
2132 1022 2371 1102 cyathis

229 1128 296 1176 67
335 1114 568 1176 duobus
622 1115 792 1192 potui
847 1113 1020 1174 datus
1066 1112 1321 1192 cyliacos
1367 1115 1517 1174 mire
1566 1120 1750 1174 sanat.
1831 1111 2014 1173 vituli
2059 1112 2243 1190 adeps
2292 1129 2370 1171 ex
2553 1173 2554 1180 χ

338 1203 556 1264 femina
611 1199 839 1262 sublata
896 1219 1032 1261 cum
1090 1219 1276 1281 aquae
1334 1201 1544 1282 cotylis
1597 1200 1793 1262 tribus
1840 1200 2085 1262 decocta
2132 1210 2193 1260 et
2240 1218 2370 1261 sor·
2398 1214 2451 1253 ιο

337 1290 582 1352 bitionis
625 1307 793 1350 more
841 1295 1076 1368 sumpta
1122 1289 1345 1369 cyliaco
1392 1289 1719 1369 plurimum
1764 1290 2025 1369 prodest.

230 1391 298 1442 68
517 1377 750 1458 Cyliaco
807 1386 868 1439 et
923 1380 1004 1457 ei,
1063 1380 1168 1458 qui
1221 1378 1617 1440 eiectionibus
1675 1378 1766 1439 vel
1821 1376 2128 1439 doloribus
2174 1379 2371 1438 acutis

337 1466 453 1529 alvi
516 1469 696 1528 variis
758 1466 1070 1529 vexabitur
1086 1513 1103 1546 ,
1179 1474 1459 1546 potenter
1524 1485 1842 1527 succurres
1858 1515 1876 1547 ,
1950 1468 2005 1527 si
2072 1464 2370 1526 muliebre

338 1557 427 1618 lac
484 1574 658 1636 quam
714 1555 1039 1635 plurimum
1096 1558 1298 1617 ieiuno
1355 1558 1524 1635 potui
1585 1556 1820 1616 dederis
1831 1604 1849 1638 ,
1914 1556 2102 1616 donec
2163 1572 2369 1632 persa·

231 1658 299 1707 69
340 1652 535 1707 netur.
625 1643 959 1705 Haedinum
1024 1644 1339 1723 coagulum
1402 1644 1807 1722 magnitudine
1871 1638 2037 1704 fabae
2102 1644 2167 1702 in
2231 1644 2370 1703 vino
2396 1655 2449 1697 15

339 1743 567 1813 myrteo
615 1735 934 1793 remissum
992 1740 1054 1793 et
1103 1735 1304 1794 ieiuno
1363 1732 1583 1812 cyliaco
1638 1734 1810 1813 potui
1865 1732 2067 1794 datum
2114 1730 2369 1793 efficaci-

339 1831 433 1883 ter
477 1820 739 1900 prodest.

233 1923 300 1972 70
517 1909 876 1989 Membrana,
927 1928 1077 1989 quae
1125 1918 1216 1971 est
1259 1911 1324 1969 in
1368 1908 1704 1970 ventriculo
1742 1909 2008 1990 gallinae,
2047 1910 2267 1970 siccata
2309 1917 2372 1970 et

339 2001 480 2060 trita
527 2006 587 2059 et
633 2017 772 2060 cum
819 2000 953 2059 vino
1001 2005 1240 2059 austero
1288 1997 1511 2077 cyliaco
1557 1998 1758 2058 ieiuno
1795 2000 1966 2077 potui
2002 1997 2135 2058 data
2171 1997 2370 2058 mede-

339 2095 459 2169 tur,
504 2090 588 2147 ita
632 2097 702 2147 ut
745 2089 875 2165 ipsa
921 2085 1134 2164 gallina
1179 2088 1349 2166 prius
1393 2086 1486 2146 vel
1531 2085 1713 2146 biduo
1752 2085 2122 2147 abstineatur
2157 2104 2189 2146 a
2227 2083 2365 2147 cibo
2396 2098 2450 2139 20

341 2184 401 2237 et
457 2177 560 2255 qui
614 2176 920 2253 potionem
974 2182 1331 2253 accepturus
1388 2181 1508 2249 est,
1562 2184 1698 2235 ante
1757 2175 1915 2235 diem
1966 2174 2137 2253 fruge
2184 2176 2263 2235 sit
2309 2181 2372 2235 et

236 2276 302 2324 ’11
342 2281 463 2324 non
510 2270 699 2323 cenet.
779 2260 901 2321 Ova
946 2264 1009 2321 in
1055 2269 1224 2322 aceto
1272 2281 1409 2323 cum
1456 2264 1627 2324 testis
1665 2265 1790 2324 suis
1825 2270 2120 2324 macerata
2158 2271 2218 2324 et
2253 2262 2369 2323 alio

342 2352 437 2412 die
483 2353 548 2411 in
593 2348 868 2429 patellam
913 2350 1109 2411 infusa
1155 2349 1360 2431 ibique
1406 2357 1621 2413 tostata
1670 2351 1907 2431 cyliacis
1952 2354 2017 2412 in
2062 2350 2197 2412 cibo
2235 2351 2370 2412 data

341 2440 664 2519 plurimum
710 2447 980 2517 prosunt.

238 2540 304 2591 72
519 2526 815 2589 Pulticula
841 2528 909 2589 fit
936 2546 1009 2588 ex
1037 2527 1185 2588 alica
1210 2529 1383 2608 prius
1412 2536 1626 2589 tostata
1656 2547 1831 2607 quam
1860 2530 2110 2609 accipiat
2129 2546 2370 2609 aquam3
2395 2539 2449 2580 2⁵

343 2617 538 2677 infusa
594 2634 734 2677 vero
790 2634 941 2696 aqua
998 2634 1135 2677 cera
1190 2619 1437 2678 remissa
1493 2616 1615 2677 illic
1671 2619 1930 2678 mittitur
1976 2623 2037 2677 et
2081 2617 2225 2677 dum
2272 2635 2371 2676 ex-

238 2718 305 2767 '13
345 2706 548 2784 coquit
594 2707 924 2783 coagitatur
969 2713 1030 2766 et
1076 2723 1109 2765 a
1146 2705 1368 2785 cyliaco
1407 2704 1592 2767 calida
1632 2705 1927 2767 sorbetur.
2001 2704 2162 2766 Galla
2199 2704 2370 2766 Com—

343 2812 590 2874 magena
645 2792 1018 2855 comburitur
1074 2801 1135 2854 et
1188 2795 1341 2855 cinis
1406 2796 1536 2855 eius
1601 2796 1968 2873 extinguitur
2031 2795 2166 2853 vino
2232 2812 2371 2854 con-

241 2894 308 2944 ’14
346 2885 646 2962 tritusque
701 2883 896 2942 ventri
952 2881 1157 2962 cyliaci
1222 2882 1522 2962 inlinitur,
1586 2885 1787 2943 statim
1849 2882 2140 2943 subvenit.
2231 2881 2370 2942 Flos
2553 2945 2554 2962 χ

345 2970 601 3032 hederae
648 2969 844 3030 tribus
890 2970 1090 3048 digitis
1138 2980 1413 3051 sumptus
1455 2971 1769 3048 diligenter
1806 2973 1987 3032 tritus
2023 2978 2083 3031 et
2120 2989 2192 3030 ex
2232 2972 2368 3030 vino
2392 2983 2445 3024 so
2553 2971 2554 2996 ¹

241 3071 307 3121 '75
347 3067 585 3119 austero
642 3057 862 3138 cyliaco
908 3060 1080 3138 potui
1124 3059 1299 3121 datus
1346 3059 1636 3120 medetur.
1720 3058 1937 3120 Sevum
1984 3058 2225 3120 ovillum
2271 3057 2369 3119 de-

345 3155 583 3208 coctum
637 3148 701 3206 in
755 3148 891 3207 vino
946 3155 1185 3208 austero
1243 3155 1303 3208 et
1358 3147 1613 3209 calidum
1666 3150 1837 3228 potui
1892 3147 2110 3227 cyliaco
2166 3147 2369 3209 datum

344 3236 659 3297 manifesto
706 3237 968 3296 remedio
1017 3238 1150 3296 erit.

239 3339 308 3389 ’16
406 3350 409 3354 ·
523 3324 726 3385 Laridi
771 3325 989 3385 veteris
1035 3326 1276 3404 pinguis
1329 3357 1403 3367 —
1448 3322 1554 3406 111,
1609 3323 1800 3385 mellis
1847 3323 1990 3384 boni
2036 3324 2370 3403 despumati

348 3414 714 3494 tantundem,
751 3415 875 3474 vini
910 3415 1130 3476 veteris
1168 3414 1394 3474 austeri
1431 3413 1672 3492 cyathos
1709 3422 1851 3492 treS,
1890 3430 2137 3473 ovorum
2174 3419 2365 3474 cocto·
2393 3426 2445 3467 ss

522 3606 558 3653 4
594 3600 758 3654 iecor.
906 3605 973 3654 10
1011 3598 1212 3655 cotilis.
1361 3605 1428 3655 26
1468 3600 1789 3670 exquoquit.
1935 3607 2008 3656 30
2041 3601 2300 3658 haedere.
