2575 4092
955 257 1056 320 ῃ-
1154 221 1283 286 221
1383 258 1526 274 -.

195 385 435 445 stineat.
518 382 796 444 Dolorem
843 383 1043 444 cordis
1089 383 1244 446 levat
1288 385 1509 463 cymini
1554 384 1883 464 Aethiopici
1934 402 2229 445 comman-
2268 398 2299 447 7

197 474 404 534 ducati
442 490 626 532 sucus
663 472 1010 552 frequenter
1047 475 1454 534 transmissus
1503 472 1833 533 Adversum
1873 473 2071 534 cordis
2099 473 2227 553 pul·
2266 485 2299 535 8

199 580 335 622 sum
374 559 467 621 vel
504 560 768 621 dolorem
805 563 1025 622 mirum
1063 561 1412 642 remedium,
1451 561 1608 641 quod
1638 563 1700 621 in
1728 560 1955 622 lamella
1986 570 2230 640 stagnea

199 649 457 711 scribes:
498 652 834 728 Καρνανκω
869 653 1249 729 Καρυανκων
1285 652 1664 729 Καρυανκων
1699 657 1760 710 et
1796 649 2227 730 phylacterium

129 756 171 798 εὖ
201 739 274 799 de
322 746 553 798 storace
602 737 1032 817 subfumigabis
1078 747 1140 800 et
1175 741 1237 799 in
1274 738 1426 799 collo
1464 757 1538 799 ex
1576 738 1713 798 licio
1751 738 2108 821 suspendes;
2149 741 2230 800 ita

199 827 490 906 proderit,
537 834 603 887 ut
651 834 909 906 stupeas

382 914 468 975 Ad
506 914 771 975 dolorem
809 916 1296 994 praecordiorum
1335 914 1689 1020 cataplasma
1726 888 2057 995 egregium.
2094 915 2230 976 Liui
2267 929 2299 978 9

202 1003 449 1064 seminis
495 1006 820 1064 sextarium
867 1022 1071 1084 unum,
1117 1004 1362 1065 feniculi
1399 1005 1644 1065 seminis
1682 1006 2008 1065 sextarium
2045 1022 2231 1064 unum

203 1110 276 1152 ex
331 1109 483 1172 aqua
538 1091 729 1153 mulsa
784 1092 1081 1172 decoques
1137 1103 1197 1154 et
1250 1095 1314 1153 in
1368 1111 1564 1172 panno
1619 1092 1809 1154 calido
1864 1091 2231 1172 praecordiis

119 1201 175 1240 10
205 1182 444 1260 saepius
490 1179 832 1262 adplicabiS,
881 1183 1027 1242 mire
1074 1181 1359 1261 proderit.

382 1267 665 1329 Cerotum
710 1268 877 1330 valde
924 1270 1133 1331 efficax
1168 1269 1240 1330 ad
1288 1270 1487 1331 cordis
1533 1269 1823 1347 dolorem·
1869 1269 2053 1331 Cerae
2092 1270 2226 1331 seli·
2271 1282 2337 1332 1ο

201 1356 388 1438 hram,
435 1355 552 1417 olei
587 1360 821 1437 cyprini
858 1357 1153 1439 selibram,
1190 1357 1450 1419 absinthi
1488 1358 1718 1420 Pontici
1756 1357 2051 1420 selibram.
2115 1358 2230 1420 Ab·

202 1445 490 1506 sinthium
545 1445 790 1527 tundeS,
849 1465 1047 1507 ceram
1107 1450 1378 1507 remittes
1433 1456 1494 1507 et
1548 1446 1937 1526 permiscebis
1992 1465 2061 1507 ac
2119 1465 2230 1526 pro

203 1525 409 1595 ceroto
455 1537 661 1595 uteris.

118 1643 172 1685 1⁵
382 1621 498 1692 Qui
544 1623 1035 1702 praecordiorum
1080 1623 1293 1685 ardore
1340 1631 1658 1704 vexantur,
1713 1625 1766 1683 si
1811 1624 1988 1683 etiam
2034 1620 2232 1682 febres
2273 1635 2337 1683 11

204 1720 263 1773 et
297 1710 626 1772 lumbricos
662 1712 935 1792 habeant,
970 1711 1084 1773 hoc
1123 1712 1389 1773 remedio
1427 1711 1820 1773 sanabuntur:
1868 1710 2057 1771 Ovum
2099 1729 2232 1772 cru·

204 1799 344 1860 dum
385 1802 697 1861 summiter
733 1808 1005 1879 apertum
1045 1803 1349 1862 exinanies
1385 1800 1566 1881 idque
1594 1798 1868 1879 implebis
1898 1798 2028 1860 oleo
2058 1799 2232 1860 viridi

204 1896 266 1948 et
321 1888 613 1949 defundes
669 1896 732 1948 et
785 1888 930 1950 lotio
979 1891 1221 1968 virginis
1277 1892 1453 1970 pueri
1498 1887 1773 1967 implebis
1819 1895 1880 1948 et
1926 1887 2233 1968 defundeS,

203 1986 332 2037 tum
380 1977 602 2037 adicies
647 1996 858 2056 parum
905 1976 1097 2038 mellis
1143 1986 1204 2039 et
1249 1980 1312 2038 in
1359 1996 1544 2039 unum
1588 1995 1725 2038 cum
1772 1977 1867 2036 ovi
1910 1977 2100 2056 ipsius
2145 1978 2233 2036 in·

118 2083 175 2123 20
205 2065 531 2126 terioribus
576 2066 967 2144 permiscebis
1015 2076 1074 2127 et
1119 2066 1445 2147 potandum
1493 2068 1694 2127 ieiuno
1742 2065 1926 2126 dabis,
2001 2063 2127 2125 Hoc
2175 2072 2236 2125 et

203 2162 442 2215 stercus
488 2157 958 2216 vetustissimum
996 2163 1056 2216 et
1093 2155 1417 2217 lumbricos
1455 2158 1664 2216 noxios
1702 2153 1869 2234 pellit
1905 2162 1967 2215 et
2003 2152 2233 2214 febrem

205 2245 611 2304 acutissimam
658 2243 895 2304 relevat.

383 2330 560 2392 Bulbi
616 2334 847 2393 excocti
901 2334 1030 2392 triti
1083 2332 1238 2392 inliti
1286 2340 1583 2393 tumorem
1630 2330 2116 2411 praecordiorum
2144 2376 2150 2382 .
2174 2338 2236 2391 et
2274 2343 2339 2392 12

204 2423 432 2480 ventris
480 2419 806 2481 emolliunt.
874 2421 1022 2481 Item
1060 2421 1354 2500 proficies,
1402 2423 1454 2480 si
1491 2421 1747 2480 ocimum
1787 2421 2026 2480 triveris
2063 2427 2125 2480 et
2162 2437 2233 2479 eo

122 2526 176 2568 25
205 2509 554 2588 praecordia
618 2511 871 2588 spissius
935 2509 1231 2569 inleverIS.
1324 2508 1594 2569 Feniculi
1657 2508 1844 2569 farina
1901 2526 2040 2568 cum
2103 2509 2236 2586 pari
2276 2520 2340 2568 13

208 2615 492 2658 mensura
528 2597 720 2657 mellis
759 2597 1002 2658 decocta
1041 2600 1230 2657 ceroti
1267 2596 1443 2657 modo
1489 2614 1686 2676 panno
1732 2596 2006 2657 inlinitur
2043 2604 2105 2657 et
2140 2614 2234 2657 ca-

207 2685 340 2747 lens
387 2688 609 2747 tumori
652 2685 1137 2766 praecordiorum
1185 2687 1530 2764 imponitur.

386 2774 669 2853 Malagma
726 2774 796 2834 ad
852 2774 1341 2853 praecordiorum
1395 2775 1729 2834 tensionem
1786 2780 1848 2832 et
1896 2774 2122 2833 ventris
2168 2790 2236 2832 ac
2277 2784 2345 2833 14

210 2863 505 2924 stomachi
562 2863 845 2923 duritiem
901 2863 1189 2923 diutinam
1246 2880 1384 2923 cum
1439 2861 1669 2941 dolore,
1725 2860 1882 2940 quod
1940 2868 2002 2921 et
2053 2861 2240 2920 iecori

125 2970 180 3011 so
211 2958 274 3011 et
319 2951 465 3011 lieni
510 2952 772 3032 prodest,
817 2952 1133 3012 conficitur
1179 2953 1292 3012 sic:
1349 2950 1532 3011 Cerae
1578 2949 1642 3010 P.
1679 2949 1723 3029 1,
1774 2957 1973 3028 guttae
2021 2966 2238 3009 ammo-

209 3041 371 3101 niaci
416 3039 478 3100 P.
515 3039 568 3121 I,
615 3042 722 3100 iris
768 3039 1034 3119 Illyricae
1081 3038 1134 3099 X
1172 3037 1362 3119 XXII,
1415 3040 1771 3117 opopanacis
1816 3036 1869 3097 X
1906 3036 2030 3119 XX,
2076 3040 2240 3099 anesi

211 3127 264 3188 X
301 3127 479 3207 XXV,
526 3128 897 3206 faenograeci
935 3129 1179 3188 seminis
1215 3126 1268 3187 X
1307 3126 1480 3208 XXV,
1526 3129 1758 3188 resinae
1804 3126 2239 3188 terebinthinae

209 3217 275 3277 P.
314 3217 388 3299 L,
446 3217 636 3297 adipis
692 3217 897 3277 suillae
953 3219 1173 3277 veteris
1218 3216 1280 3277 P.
1321 3216 1392 3298 L,
1451 3218 1605 3277 aceti
1650 3217 1806 3277 acris
1843 3213 1906 3275 θ
1943 3215 1996 3296 I,
2048 3215 2240 3275 mellis

209 3304 272 3366 P.
311 3305 421 3366 Π..
461 3305 577 3366 Mel
624 3324 759 3366 cum
807 3313 974 3366 aceto
1021 3305 1500 3385 permiscendum
1548 3313 1641 3365 est
1686 3312 1864 3384 atque
1909 3302 2031 3363 illic
2077 3301 2240 3363 arida

392 3516 424 3566 2
481 3511 845 3567 transmissus
900 3513 1002 3569 est.
1219 3518 1254 3566 4
1304 3508 1651 3565 filacterium.
1870 3512 1903 3562 8
1956 3505 2240 3563 faeniculi.

211 3588 281 3637 33
320 3582 381 3639 P.
410 3580 480 3654 L]
518 3600 574 3652 p.
612 3580 666 3636 X
694 3582 737 3636 L
777 3581 1025 3638 Scribon.
1173 3589 1242 3637 34
1279 3580 1418 3651 mel]
1454 3579 1639 3634 melle.
