2575 4092
274 951 309 999 4

279 2545 311 2594 6

281 2990 310 3037 7

1115 242 1598 307 —232—

346 400 590 466 seminis
629 404 680 464 X
709 405 761 466 ll
792 405 850 486 S,
889 408 1111 485 piperis
1150 407 1309 484 nigri
1346 404 1399 465 X
1426 403 1468 484 1,
1509 403 1707 465 scillae
1746 410 1949 464 coctae
1988 403 2040 463 X
2067 403 2134 463 ll.
2209 401 2364 463 Haec

346 496 541 554 omnia
597 494 958 573 colliguntur
1016 514 1086 556 ex
1149 494 1349 573 melle,
1415 495 1566 554 fiunt
1620 491 1843 571 globuli
1899 494 2093 573 parvi,
2154 493 2365 553 dantur

344 582 573 644 denarii
611 583 729 644 duo
769 583 859 644 vel
897 602 1055 645 lintis
1093 603 1202 665 pro
1241 590 1432 644 aetate
1471 591 1573 643 aut
1609 583 1953 642 infirmitate
1982 600 2056 641 ex
2085 580 2362 661 oxymelle

343 670 434 731 vel
481 690 552 733 ex
599 681 767 734 aceto
814 675 1000 734 mixto
1047 675 1109 734 in
1147 672 1373 752 cyathis
1412 679 1695 751 quattuor
1732 678 1835 732 aut
1871 670 2081 732 tribus.
2150 670 2361 731 Eadem

342 762 506 839 potio
554 760 705 822 bene
752 762 896 823 facit
941 762 1012 822 ad
1060 762 1418 841 hydropicos
1466 778 1538 820 ex
1586 777 1736 839 aqua
1783 759 1974 820 mulsa
2020 760 2180 841 data3
2235 776 2362 820 nam
2387 770 2412 811 ⁵

344 851 579 911 urinam
623 858 820 912 movet
864 850 1207 930 plurimum,
1251 867 1363 929 per
1409 867 1583 929 quam
1630 857 1979 929 purgantur.

524 938 813 1000 Lienosos
870 949 1037 1000 sanat
1092 949 1259 999 extra
1317 945 1516 999 cutem
1572 939 1897 1017 inpositum
1953 939 2146 1017 sinapi
2208 944 2365 998 aceto

344 1027 540 1107 pridie
578 1036 944 1090 maceratum
981 1036 1042 1088 et
1076 1030 1288 1089 tritum
1327 1027 1553 1088 adiecta
1583 1025 1863 1088 lenticula
1892 1045 1966 1087 ex
1993 1036 2161 1088 aceto
2191 1036 2365 1087 cocta.

346 1115 599 1195 Oportet
636 1125 832 1178 autem
872 1136 904 1176 a
942 1124 1110 1196 parte
1149 1116 1323 1176 lienis
1361 1118 1686 1195 inpositum
1724 1115 2224 1177 medicamentum
2257 1123 2366 1176 tam

348 1204 450 1265 diu
488 1203 609 1265 illic
648 1223 799 1286 esse,
837 1206 1027 1266 donec
1068 1205 1332 1265 dolorem
1371 1206 1494 1283 pati
1530 1223 1652 1265 non
1689 1207 1919 1284 possint
1954 1207 2056 1283 qui
2093 1212 2435 1282 utuntur310

345 1300 553 1372 postea
602 1293 748 1353 solio
796 1293 986 1354 calido
1034 1293 1441 1373 demittantur,
1488 1293 1594 1354 ubi
1635 1292 1837 1372 plures
1876 1312 1977 1354 eos
2016 1296 2368 1372 contineant,

348 1382 490 1442 dum
538 1381 760 1442 desiuit
806 1381 1033 1463 fervor3
1080 1383 1301 1461 alioqui
1349 1382 1594 1443 exilient
1640 1381 1711 1442 ad
1755 1385 2013 1460 primum
2051 1382 2369 1461 fervorem3

346 1473 536 1531 maior
592 1473 750 1532 enim
806 1472 869 1531 in
926 1479 1064 1532 cute
1120 1472 1187 1532 fit
1243 1470 1414 1531 dolor
1460 1471 1624 1531 calda
1671 1472 1871 1552 tactis3
1918 1479 2128 1549 postea
2176 1478 2369 1533 ceroto

348 1578 591 1620 rosaceo
640 1578 743 1620 eos
788 1563 1044 1639 perungi
1090 1559 1405 1639 oportebit.

525 1647 699 1709 Aliud
738 1647 981 1710 lienosis
1018 1649 1350 1709 remedium
1389 1647 1595 1708 eadem
1634 1649 1864 1709 ratione
1893 1650 2252 1727 inpositum:
2290 1647 2369 1707 Si·
2393 1656 2434 1698 1⁵

348 1739 519 1815 napis
556 1737 801 1816 cyathos
846 1738 1013 1816 duoS‚
1052 1739 1138 1816 git
1176 1737 1422 1816 cyathos
1452 1737 1620 1818 duoS,
1657 1739 1946 1797 nasturcii
1975 1738 2223 1817 cyathos
2254 1736 2370 1815 1111,

346 1824 712 1905 myrobalani
750 1829 992 1888 corticis
1030 1826 1272 1905 cyathos
1311 1824 1435 1906 1111,
1482 1827 1709 1904 piperis
1747 1825 1989 1905 cyathos
2026 1825 2096 1886 11.
2178 1826 2372 1904 Sinapi

348 1913 542 1992 pridie
581 1923 747 1976 aceto
786 1917 910 1976 acri
947 1923 1328 1995 maceratum,
1367 1914 1581 1975 deinde
1621 1915 1829 1975 tritum
1860 1916 2132 1975 contusis
2163 1916 2370 1976 ceteris

348 2005 746 2081 permiscetur
781 2022 1096 2084 pannoque
1140 2003 1377 2064 inlitum
1415 2003 1913 2064 medicamentum
1951 2005 2262 2082 inponitur
2297 2002 2372 2062 fa-

349 2093 589 2171 sciaque
637 2091 979 2169 longissima
1027 2092 1299 2171 alligatur
1339 2090 1433 2151 vel
1469 2090 1743 2170 pluribus
1779 2094 1841 2152 in
1881 2110 2066 2152 unum
2105 2094 2370 2154 commis·
2393 2100 2436 2139 2⁰

350 2183 459 2260 siS,
516 2197 635 2258 quo
692 2179 920 2239 tardius
976 2180 1252 2240 solvatur.
1329 2180 1455 2240 Hoc
1511 2180 1989 2241 efficacissimum
2042 2181 2366 2242 remedium

350 2277 443 2327 est
480 2275 542 2327 et
577 2267 901 2328 multorum
941 2286 1233 2328 annorum
1262 2268 1508 2329 lienosis
1541 2288 1747 2330 omnes
1776 2288 1985 2330 causas
2013 2268 2173 2331 tollit
2201 2278 2367 2348 atque

351 2355 658 2437 duritiam3
715 2357 818 2417 sed
874 2364 1013 2436 post
1056 2355 1170 2417 hoc
1218 2359 1269 2417 si
1317 2376 1467 2435 quae
1514 2357 1799 2437 reliquiae
1846 2361 2204 2440 manserint,
2259 2375 2368 2419 am·

348 2446 619 2505 moniaco
666 2445 957 2505 tollendae
1006 2453 1182 2505 erunt
1227 2445 1576 2524 frequenter
1621 2446 1741 2507 illic
1787 2447 1973 2507 inlito.

525 2533 855 2594 Infantibus
902 2533 1146 2595 lienosis
1193 2533 1323 2594 dari
1369 2534 1670 2614 oportebit
1714 2553 1925 2614 aquam
1981 2535 2258 2617 calidam,
2309 2536 2368 2593 in
2391 2539 2432 2581 ²⁵

352 2640 466 2700 qua
522 2622 782 2682 candens
838 2623 1064 2683 ferrum
1122 2623 1494 2702 demittatur,
1551 2624 1643 2683 vel
1698 2624 1786 2685 lac
1842 2627 2152 2703 caprinum
2201 2624 2367 2685 semi-

350 2718 605 2790 coctum,
651 2712 701 2771 si
748 2729 959 2790 caprae
997 2713 1404 2773 tantummodo
1442 2712 1663 2773 hedera
1702 2721 2037 2791 pascantur.
2101 2712 2369 2773 Proderit

351 2799 444 2859 his
493 2807 553 2859 et
600 2801 789 2879 sinapi
837 2803 1064 2861 siccum
1112 2808 1429 2861 contusum
1469 2810 1672 2862 ceroto
1710 2804 1880 2863 tenui
1916 2804 2168 2863 mixtum
2212 2808 2369 2862 extra

352 2895 552 2948 cutem
599 2890 942 2967 inpositum,
990 2897 1057 2950 ut
1102 2889 1283 2949 fascia
1332 2889 1646 2969 diligenter
1690 2891 1926 2969 ligetur.

527 2974 809 3055 Malagma
865 2977 938 3037 ad
990 2978 1248 3038 lienosos
1308 2986 1369 3038 et
1423 2978 1495 3038 ad
1550 2981 1833 3040 iocineris
1898 2988 2194 3041 tumorem
2259 2979 2367 3038 sic:
2391 2982 2435 3025 ⁸⁰

349 3064 718 3125 Ammoniaci
772 3073 974 3145 guttae
1028 3066 1228 3146 pondo
1284 3065 1336 3146 l,
1394 3086 1566 3128 cerae
1621 3067 1682 3129 P.
1742 3068 1793 3149 1,
1853 3087 2024 3128 rosae
2080 3068 2276 3147 pondo
2326 3064 2366 3125 Ι.

349 3153 798 3214 Ammoniacum
846 3173 919 3214 ex
965 3164 1133 3216 aceto
1182 3157 1401 3215 teritur
1435 3158 1620 3217 mixto
1659 3166 2147 3239 crocomagmate,
2195 3172 2367 3235 quan-

350 3251 479 3303 tum
518 3243 783 3303 colorare
822 3246 1028 3322 possit.
1088 3244 1535 3305 Ammoniacum
1563 3247 1764 3325 itaque
1791 3248 2030 3327 teritur,
2066 3260 2366 3325 quousque

350 3331 478 3392 leve
525 3333 627 3393 fiat
669 3340 731 3393 et
766 3331 957 3393 mellis
996 3335 1184 3393 crassi
1220 3332 1436 3394 habeat
1473 3335 1949 3415 spissitudinem3
1995 3343 2200 3414 postea
2238 3347 2365 3393 cera

531 3544 600 3593 26
630 3537 962 3594 demittatur
987 3540 1212 3608 scripsi,
1239 3539 1559 3595 dimittatur
1588 3541 1912 3597 Oornarius.
2030 3547 2098 3596 33
2127 3540 2366 3595 colorare

352 3608 536 3676 possit
573 3610 1002 3679 ammoniacum,
1041 3609 1193 3679 quod
1230 3610 1433 3666 teritur
1469 3612 1715 3668 Scribon.
