2575 4092
1115 199 1552 278 ..36⁴-

231 411 241 426 1
285 381 563 460 {penitus
619 379 896 458 obstipet.
990 376 1056 438 Si
1101 376 1270 438 dolor
1318 394 1391 437 ex
1438 375 1686 437 cerebro
1734 377 2039 458 gignetur,
2094 376 2349 437 hederae

321 468 462 529 folia
518 475 749 548 septem
803 476 864 528 et
916 466 1162 528 nucleos
1218 472 1505 544 purgatos
1562 483 1634 525 ex
1687 467 1941 543 persicis
1997 473 2226 544 septem
2282 482 2349 525 ex

323 557 453 618 oleo
520 566 581 618 et
646 563 813 618 aceto
882 556 1180 636 decoques
1245 556 1591 633 pariterque
1647 562 1924 615 conteres
1980 563 2159 633 atque
2214 554 2352 615 inde

217 657 284 708 78
321 654 593 726 tempora
640 654 701 706 et
746 645 1004 706 frontem
1051 643 1308 704 dolentis
1354 642 1633 703 obduces.
1708 641 1862 703 Ruta
1909 644 2050 704 trita
2088 651 2255 704 aceto
2294 651 2355 703 et

325 734 453 795 oleo
502 752 749 796 rosaceo
786 736 971 795 mixta
1007 733 1260 794 mirifice
1301 731 1567 793 dolorem
1604 732 1816 811 capitis
1853 734 2067 793 avertit
2106 731 2354 792 cerebro
2383 749 2410 790 5

220 834 288 884 74
324 822 417 884 vel
464 822 844 903 temporibus
900 823 1114 884 infusa.
1209 821 1401 900 Caput
1447 821 1625 882 ocimi
1670 821 1881 881 tritum
1928 839 2064 882 cum
2111 838 2355 881 rosaceo

219 923 286 973 75
325 912 456 973 oleo
503 919 605 974 aut
649 919 880 992 myrteo
923 921 983 972 et
1020 919 1187 971 aceto
1226 911 1413 972 fronti
1448 911 1783 971 rectissime
1820 911 2146 989 inponitur.
2222 909 2358 970 Ser-

323 999 554 1081 pullum
600 1000 913 1062 decoctum
961 1017 1032 1060 ex
1080 1006 1247 1061 aceto
1297 1006 1357 1060 et
1404 1001 1615 1060 tritum
1661 1006 1828 1059 recte
1865 1001 2175 1078 inponitur
2211 1007 2358 1059 tem·

219 1101 287 1151 76
324 1089 574 1169 poribus
612 1096 676 1150 et
711 1089 911 1150 fronti.
986 1088 1217 1150 Corona
1256 1087 1330 1148 de
1365 1087 1564 1167 puleio
1593 1087 1839 1166 prodest
1868 1090 2048 1167 capiti
2085 1089 2358 1167 inposita,

221 1189 286 1239 77
328 1180 379 1239 si
424 1187 648 1239 terram
694 1196 814 1239 non
861 1184 1080 1256 tangat.
1172 1177 1235 1238 Si
1282 1175 1543 1237 difficilis
1589 1194 1835 1237 somnus
1896 1184 1989 1238 est
2034 1195 2107 1237 ex
2155 1175 2357 1236 dolore
2387 1194 2439 1234 10
2553 1224 2554 1233 ,

327 1269 558 1349 capitis,
605 1266 734 1327 oleo
782 1264 1152 1346 amygdalino
1200 1272 1381 1344 caput
1427 1283 1652 1344 ungere
1696 1272 1935 1344 oportet
1971 1273 2032 1327 et
2068 1272 2362 1345 tempora3

325 1355 678 1418 nucleorum
736 1373 876 1416 vero
932 1356 1154 1434 persici
1214 1353 1405 1415 farina
1451 1372 1588 1414 cum
1635 1353 1810 1414 melle
1857 1361 1916 1415 et
1963 1361 2130 1415 aceto
2178 1354 2361 1414 fronti

327 1443 494 1505 inlita
550 1445 825 1526 prodest3
880 1442 1081 1505 nuclei
1137 1462 1376 1523 quoque
1424 1441 1781 1523 amygdalini
1825 1445 1956 1504 triti
2000 1442 2228 1504 utiliter
2271 1444 2361 1502 in-

224 1539 665 1614 reponuntur,
725 1535 904 1594 etiam
951 1534 1016 1593 in
1062 1531 1347 1594 febribus,
1438 1530 1627 1592 Bacae
1674 1530 1825 1592 lauri
1870 1533 2065 1610 inpari
2112 1549 2362 1592 numero

225 1632 292 1684 79
332 1625 394 1683 in
433 1622 565 1683 oleo
605 1623 898 1683 contritae
938 1628 998 1682 et
1036 1622 1216 1701 capiti
1252 1620 1456 1682 inlitae
1494 1627 1703 1681 sanant
1740 1619 2022 1681 dolorem.
2096 1619 2364 1680 Hederae
2393 1638 2444 1680 ιε

332 1710 470 1772 folia
517 1710 864 1772 mollissima
908 1712 1051 1771 trita
1096 1729 1169 1771 ex
1216 1717 1386 1771 aceto
1426 1716 1486 1769 et
1520 1727 1765 1770 rosaceo
1804 1709 2089 1770 adversus
2128 1727 2365 1770 omnem

224 1810 294 1861 80
333 1799 599 1861 dolorem
658 1800 844 1861 fronti
895 1799 1249 1860 inlinuntur.
1358 1797 1659 1859 Panaceae
1716 1798 1883 1858 radix
1930 1800 1992 1858 in
2039 1797 2169 1858 oleo
2214 1800 2367 1858 inte·
2553 1846 2554 1849 η

224 1898 291 1949 81
332 1890 493 1949 ritur
543 1896 604 1949 et
650 1888 865 1950 deinde
912 1890 1094 1967 capiti
1137 1886 1477 1948 instillatur.
1564 1886 1714 1947 Ossa
1761 1886 1834 1947 de
1881 1889 2073 1965 capite
2112 1885 2367 1948 vulturis
2553 1854 2554 1937 l

225 1987 295 2038 82
334 1976 565 2056 alligari
610 1977 857 2056 prodest
902 1979 1081 2056 capiti
1128 1975 1369 2036 dolenti.
1444 1974 1816 2036 Gallinaceus
1861 1974 2061 2054 pullus
2099 1974 2367 2036 inclusus

333 2065 674 2127 abstinetur
729 2073 905 2126 nocte
952 2071 1014 2125 et
1059 2064 1184 2145 die,
1241 2064 1454 2125 deinde
1502 2066 1631 2125 eius
1679 2063 1985 2143 gallinacei
2030 2063 2229 2143 pluma
2274 2063 2369 2124 vel
2396 2083 2449 2124 20

333 2156 519 2214 crista
592 2152 866 2233 alligatur
931 2153 1005 2214 ad
1061 2151 1276 2213 collum
1336 2161 1439 2213 aut
1493 2151 1749 2214 dolentis
1807 2161 1987 2233 caput
2041 2172 2109 2214 ac
2165 2155 2369 2214 statim

229 2253 296 2304 83
335 2242 625 2304 medetur.
720 2240 1013 2302 Surculus
1073 2259 1145 2301 ex
1204 2241 1345 2301 nido
1391 2241 1555 2303 milvi
1599 2241 1840 2322 pulvino
1887 2240 2142 2303 dolentis
2190 2250 2371 2321 caput

228 2342 297 2392 84
335 2331 750 2411 superpositus
787 2331 1048 2409 prodest.
1137 2329 1509 2391 Murinarum
1547 2329 1794 2409 pellium
1832 2338 2177 2391 exustarum
2214 2332 2371 2391 cinis

229 2431 296 2481 85
336 2438 410 2481 ex
456 2426 624 2481 aceto
670 2420 855 2481 fronti
901 2418 1109 2480 inlitus
1150 2418 1413 2498 prodest.
1490 2418 1735 2480 Cocleae
1773 2422 2130 2480 matutinum
2169 2436 2369 2480 rorem

334 2509 634 2588 pascentis
695 2514 876 2587 caput
930 2507 1222 2569 arundine
1281 2509 1649 2586 praeciditur
1706 2516 1767 2568 et
1820 2511 1883 2568 in
1939 2507 2180 2569 linteolo
2228 2507 2368 2569 licio
2398 2525 2451 2567 25

229 2607 297 2658 86
335 2596 610 2676 alligatur
659 2596 928 2676 colloque
975 2597 1392 2678 suspenditur,
1440 2598 1723 2657 continuo
1768 2596 2061 2658 medetur.
2152 2595 2370 2658 Fracto

337 2687 517 2765 capiti
579 2685 694 2747 tela
748 2687 953 2746 aranei
1007 2704 1077 2746 ex
1135 2684 1265 2745 oleo
1313 2691 1375 2745 et
1438 2693 1605 2746 aceto
1654 2687 1909 2765 inposita
1956 2704 2078 2747 non
2123 2685 2372 2766 recedit,

231 2783 298 2832 87
339 2775 457 2835 nisi
503 2775 815 2835 sanaverit.
890 2773 1071 2834 Corni
1117 2775 1346 2834 cervini
1391 2776 1588 2834 exusti
1634 2776 1785 2835 cinis
1830 2773 2037 2835 inlitus
2076 2776 2260 2837 fronti
2298 2793 2372 2834 ex

231 2872 299 2922 88
338 2870 505 2924 aceto
553 2870 615 2924 et
658 2880 902 2924 rosaceo
944 2862 1205 2942 prodest.
1278 2861 1501 2923 Lanam
1537 2862 1802 2923 oviculae
1840 2863 1913 2923 de
1951 2864 2110 2924 inter
2146 2864 2375 2924 femora

338 2951 518 3012 velles
583 2961 644 3012 et
708 2953 770 3012 in
835 2958 1002 3012 aceto
1064 2953 1369 3030 intingues
1434 2957 1495 3011 et
1550 2969 1732 3030 super
1788 2961 2057 3032 tempora
2114 2951 2373 3013 dolentis
2402 2969 2456 3010 eo

232 3049 301 3100 89
338 3039 567 3119 ligabis,
658 3039 878 3101 Lanam
947 3041 1152 3101 arietis
1216 3040 1291 3101 de
1346 3040 1543 3101 fronte
1599 3039 1781 3101 velles
1837 3047 1896 3101 et
1955 3041 2252 3102 conbures
2310 3043 2376 3102 in

341 3128 624 3208 operculo
683 3127 830 3189 ollae
886 3147 1038 3189 novo
1095 3136 1155 3189 et
1208 3130 1271 3189 in
1327 3130 1612 3189 mortario
1669 3129 2027 3190 confricabis
2074 3136 2252 3209 atque
2301 3149 2377 3190 ex

236 3229 305 3278 90
342 3225 510 3279 aceto
548 3218 734 3279 fronti
766 3216 999 3278 inlineS.
1058 3216 1329 3279 Sertulae
1360 3217 1690 3296 Campanae
1719 3217 2068 3279 fasciculum
2099 3237 2171 3279 ex
2202 3228 2377 3280 aceto

235 3318 302 3366 91
344 3307 644 3386 decoques
691 3315 752 3367 et
797 3307 979 3368 fronti
1025 3305 1257 3367 inlines.
1335 3304 1527 3385 Caput
1571 3308 1624 3367 si
1668 3305 1869 3367 dolere
1917 3308 2208 3387 coeperit,
2264 3326 2378 3368 ovo

487 3447 551 3496 11
591 3442 806 3511 angeri.
946 3448 1010 3496 13
1048 3442 1302 3512 prosunt.
1445 3447 1511 3498 17
1548 3441 1810 3497 interitui·
1852 3442 1952 3510 (sic
1986 3443 2205 3511 codex)=
2245 3458 2384 3497 con·

341 3512 545 3569 teritur
583 3513 906 3569 Gornarius.
1085 3518 1154 3567 23
1191 3529 1563 3568 murenarum.
1728 3518 1797 3567 32
1834 3513 1986 3568 ullae
2167 3530 2237 3568 ex
2272 3530 2380 3569 om.

345 3591 413 3640 33
451 3585 794 3641 fascicolnm.
942 3589 1012 3638 34
1049 3583 1391 3653 dequoqueS.
