2575 4092
898 256 1029 317 ⁴⁴-
1128 221 1256 287 145
1353 258 1428 270 -

202 382 402 443 calcem
456 403 593 446 cum
646 387 898 466 axungia
951 396 1149 449 vetere
1199 387 1504 449 subactam
1551 389 1839 468 inponito‚
1885 387 2201 449 confestim

199 472 431 535 sanabis
507 473 762 554 Spumae
808 478 1040 554 argenti
1075 476 1138 537 P.
1176 475 1221 557 1,
1268 475 1384 537 olei
1429 478 1649 537 veteris
1685 476 1750 538 P.
1787 475 1857 557 11,
1904 476 2043 537 salis
2080 494 2200 537 am·
2237 493 2309 542 42

152 602 158 609 -
196 564 433 623 moniaci
476 561 540 623 P.
578 562 657 645 11,
702 563 937 643 galbani
983 564 1044 626 P.
1082 564 1163 645 113
1219 564 1397 626 simul
1447 565 1592 626 haec
1639 567 1833 626 omnia
1880 567 2201 644 permisce·

194 647 299 730 bie,
350 653 429 711 ita
485 660 555 712 ut
608 670 878 731 spumam
934 656 1163 732 argenti
1221 656 1283 714 in
1341 652 1472 715 oleo
1528 652 1823 733 decoquas
1880 671 2070 734 nsque
2127 654 2200 714 ad

148 755 171 796 a
194 740 634 801 crassitudinem
680 741 888 820 mellis,
936 750 1064 803 tum
1110 742 1332 803 adicies
1380 741 1560 803 salem
1608 750 1668 803 et
1720 761 1923 823 poneS‚
1971 752 2039 804 ut
2086 742 2201 803 l'er·

192 835 330 909 veat5
393 831 537 889 item
584 828 898 908 galbanum
945 830 1126 891 addes
1171 839 1233 892 et
1278 848 1523 892 rursum
1568 849 1782 911 pones,
1838 839 1904 892 ut
1950 832 2201 912 ferveat3

190 923 376 992 postea
415 917 596 979 simul
633 920 830 978 omnia
868 918 1089 980 colabis
1127 927 1189 980 et
1225 919 1517 980 recondes
1556 927 1781 981 etcum
1810 937 1961 998 opus
1998 919 2198 1001 fuerit,

190 1020 339 1065 more
386 1006 695 1086 emplastri
742 1009 895 1067 miro
942 1008 1207 1069 remedio
1254 1008 1531 1069 sedandis
1575 1007 1947 1087 parotidibus
1994 1011 2198 1069 uteris.

190 1090 391 1155 Vitium
448 1104 800 1157 exustarum
848 1098 1000 1157 cinis
1046 1115 1184 1158 cum
1230 1115 1366 1157 cera
1413 1104 1475 1158 et
1520 1099 1717 1158 resina
1764 1096 2009 1177 paribus
2055 1115 2200 1177 pon·
2237 1111 2309 1161 48

122 1197 166 1239 ιο
188 1179 415 1245 deribus
444 1184 756 1263 adpositus
784 1185 1072 1263 parotidis
1100 1185 1363 1267 prodest,
1402 1187 1508 1247 sed
1538 1204 1653 1247 una
1684 1186 1985 1248 decoctus.
2039 1186 2199 1248 Ster-
2237 1200 2309 1249 44

189 1287 283 1329 cus
318 1272 730 1334 columbinum
768 1275 975 1335 tritum
1014 1292 1149 1335 cum
1187 1275 1374 1335 farina
1411 1274 1710 1337 hordiacia
1741 1294 1813 1336 ex
1850 1274 2024 1336 melle
2062 1274 2200 1336 sub-

187 1366 367 1421 actum
415 1371 478 1423 et
524 1361 715 1422 calide
762 1362 1096 1440 adpositum
1141 1371 1456 1425 nascentes
1497 1364 1798 1443 parotidas
1843 1365 2199 1442 comprimit.

187 1447 367 1529 Adeps
404 1451 611 1512 ursina
658 1452 791 1529 pari
836 1451 1100 1529 pondere
1147 1470 1283 1512 cum
1331 1470 1471 1513 sevo
1510 1454 1746 1514 taurino
1794 1460 1855 1513 et
1891 1470 2028 1513 cera
2065 1470 2199 1531 per·
2237 1466 2309 1516 45

187 1538 354 1598 mixta
419 1547 602 1618 atque
668 1538 934 1618 adposita
998 1539 1371 1619 parotidibus
1428 1542 1643 1601 mirum
1699 1540 2031 1601 remedium
2091 1550 2199 1600 est.

123 1638 165 1679 15
186 1621 398 1705 Pingue
446 1628 641 1707 laridi,
690 1627 845 1706 quod
884 1629 1043 1689 inter
1080 1636 1278 1689 cutem
1323 1636 1384 1688 et
1420 1646 1659 1689 carnem
1698 1646 1955 1689 macram
1994 1636 2102 1708 est,
2149 1629 2204 1688 si
2238 1643 2311 1695 46

186 1716 547 1789 parotidibus
584 1716 915 1795 adponatur
952 1724 1013 1778 et
1049 1716 1169 1777 illic
1206 1716 1444 1797 ligetur,
1482 1718 1601 1777 cito
1631 1715 2013 1777 sanabuntur.
2069 1716 2201 1777 Mus
2239 1733 2310 1784 47

187 1818 425 1866 araneus
475 1806 531 1865 si
575 1806 638 1865 in
676 1803 929 1865 orbitam
966 1805 1264 1886 inciderit,
1312 1805 1566 1866 naturali
1607 1805 1726 1866 fato
1763 1803 1884 1866 illic
1923 1804 2202 1866 detentus

187 1895 482 1955 emoritur.
559 1892 731 1953 Hunc
781 1892 901 1954 illic
939 1896 1246 1955 inventum
1283 1892 1487 1973 argilla
1525 1903 1627 1955 aut
1664 1893 1846 1954 linteo
1883 1900 1986 1953 aut
2021 1893 2203 1973 phoe-

186 1980 329 2040 nicio
375 1980 622 2061 ‘involve
679 1992 740 2042 et
794 2000 866 2042 ex
923 2001 993 2042 eo
1049 1990 1143 2043 ter
1198 1982 1628 2044 circumscribe
1678 1982 2002 2064 parotidaS‚
2050 1999 2202 2060 qnae

119 2080 163 2120 πο
186 2067 242 2126 in
285 2087 540 2150 corpore
587 2068 785 2130 subito
832 2071 1185 2153 turgebunt3
1231 2073 1381 2132 mira
1429 2070 1731 2132 celeritate
1779 2069 2032 2132 sanabis,

350 2158 572 2219 Malvae
619 2159 820 2219 radice
866 2159 986 2220 lino
1032 2159 1125 2219 vel
1172 2160 1306 2221 licio
1356 2162 1603 2221 traiecta
1654 2167 1756 2221 aut
1807 2159 2199 2239 arnoglossae‚
2238 2174 2310 2225 48

183 2243 237 2303 id
271 2256 371 2308 est
417 2247 803 2330 plantaginis,
859 2247 1058 2309 radice
1114 2248 1390 2310 similiter
1436 2248 1588 2310 collo
1634 2249 1997 2310 circumdata
2046 2257 2200 2309 strn-

183 2349 298 2394 mas
332 2338 533 2396 sanari
568 2336 948 2397 manifestum
987 2345 1093 2397 est.
1155 2336 1465 2398 Mentastri
1502 2356 1686 2399 sucus
1723 2355 1858 2398 cum
1896 2340 2031 2397 vino
2071 2355 2200 2416 gar·
2237 2350 2309 2401 49

182 2425 469 2497 garizatns
516 2425 863 2504 frequenter
901 2433 1159 2487 strumas
1198 2433 1584 2505 tumoresque
1624 2425 1920 2486 discutiet.
1986 2423 2201 2485 Farina
2239 2439 2310 2489 50

115 2523 160 2563 25
186 2507 499 2595 hordiacia,
546 2515 645 2591 pix
692 2512 913 2592 liquida
953 2532 1090 2575 cum
1128 2532 1262 2575 cera
1303 2522 1365 2575 et
1400 2513 1530 2574 oleo
1569 2516 1749 2575 mixta
1786 2521 2201 2592 percoctaque,

185 2598 406 2663 adiecto
453 2601 673 2679 puerili
707 2601 850 2662 lotio
890 2602 1151 2682 subacta,
1202 2620 1368 2663 more
1406 2601 1711 2681 emplastri
1747 2604 2003 2681 inposita
2041 2609 2198 2662 stru·

186 2704 302 2749 mas
348 2689 580 2751 utiliter
627 2689 873 2751 sanabit.
958 2690 1284 2752 Galbanum
1342 2692 1664 2770 inpositum
1712 2708 1895 2770 super
1941 2701 2200 2751 strumas
2239 2705 2308 2754 51

185 2774 344 2839 facile
404 2796 504 2838 eas
555 2778 816 2839 discutit.
900 2778 1064 2840 Idem
1111 2787 1373 2858 praestat
1419 2787 1479 2840 et
1525 2778 1611 2840 sal
1657 2781 2056 2840 ammoniacus
2103 2778 2200 2838 ad-

184 2869 407 2940 positus
465 2866 555 2926 vel
610 2866 886 2927 densiore
943 2867 1174 2947 liquore
1231 2867 1457 2928 inditus
1513 2876 1614 2928 aut
1675 2866 1898 2928 inlitus.
1981 2866 2200 2927 Contra
2238 2880 2310 2930 52

115 2964 161 3005 30
185 2968 384 3016 omnes
432 2964 691 3015 strumas
739 2963 799 3015 et
846 2955 1081 3016 feminis
1129 2965 1189 3016 et
1234 2955 1500 3016 maribus
1548 2955 1926 3017 utilissimum
1976 2963 2093 3037 est,
2149 2958 2203 3016 si

185 3058 281 3103 cor
325 3044 582 3105 lacertae
629 3044 834 3104 viridis
881 3044 1084 3123 lupino
1131 3053 1413 3123 argenteo
1463 3043 1730 3106 clausum
1787 3046 1847 3104 in
1905 3045 2055 3105 collo
2103 3064 2201 3105 su-

185 3146 459 3208 spensum
507 3151 743 3212 semper
787 3132 1059 3195 habeant.
1133 3132 1236 3193 Fel
1284 3133 1574 3194 bubulum
1618 3134 1712 3194 vel
1758 3152 2087 3212 caprnnum
2125 3133 2199 3193 ad
2239 3147 2311 3197 53

183 3219 530 3301 incipientes
578 3228 835 3282 strumas
881 3225 1103 3301 optime
1140 3222 1337 3283 facere
1385 3225 1788 3301 experimenta
1839 3223 2200 3300 docuerunt3

183 3324 312 3371 nam
366 3311 607 3389 penitus
664 3328 937 3371 crescere
995 3329 1114 3371 non
1171 3312 1469 3391 sinentur,
1533 3314 1586 3372 si
1640 3330 1710 3372 eo
1767 3310 2014 3371 adsidue
2070 3317 2200 3368 tan-

324 3521 388 3569 11
430 3515 690 3571 ordiacia..
862 3522 929 3570 16
967 3517 1274 3586 parotibuS.
1452 3520 1520 3570 18
1558 3512 1752 3584 argila.
1930 3511 2205 3569 foeniceo.

184 3588 251 3639 24
285 3587 664 3655 tumuresque.
811 3593 878 3642 25
918 3586 1182 3642 ordiacia..

284 3687 587 3726 maneamus
598 3715 609 3733 ,
638 3697 717 3727 nn.
746 3687 1058 3729 Hammon.
1820 3679 1884 3728 10
