2575 4092
1111 233 1591 298 -188—

342 402 519 473 atque
566 393 701 454 ideo
743 412 862 454 non
900 395 1057 455 idem
1097 394 1373 457 omnibus
1410 403 1733 476 praestant,
1770 413 1907 456 cum
1944 396 2184 456 interim
2224 395 2375 456 haec

344 483 593 544 mirifica
647 490 1050 561 temperatura
1104 486 1432 563 composita
1487 484 1774 546 mirificos
1830 484 2078 544 effectus
2137 482 2372 547 habeat.

521 570 688 633 Facit
724 590 865 632 vero
902 572 1017 634 hoc
1056 572 1553 635 medicamentum
1589 591 1709 634 non
1748 571 1941 634 solum
1970 572 2043 633 ad
2082 572 2374 633 stomachi

344 668 405 721 et
459 660 663 722 lateris
718 660 1012 740 dolorem,
1067 662 1171 723 sed
1227 664 1407 723 etiam
1462 662 1535 723 ad
1581 661 1751 742 plura
1811 664 1953 723 vitia
2018 662 2372 743 efficaciter3

345 748 730 829 quamobrem
778 768 1014 830 semper
1049 749 1391 812 habendum
1419 759 1512 812 est
1540 753 1952 830 compositum.
2015 749 2375 812 Percurram
2399 765 2430 804 5

345 847 543 899 autem
585 857 762 918 quam
790 837 1159 921 brevissime,
1196 840 1268 900 ad
1302 858 1451 919 quae
1483 842 1621 901 vitia
1652 839 1904 919 qualiter
1932 838 2136 900 datum
2164 841 2373 921 prosit,

344 935 412 988 ut
460 936 520 988 et
564 929 627 987 in
674 927 873 989 libello
921 930 1052 989 eius
1098 930 1391 1007 scriptum
1439 936 1531 990 est
1576 936 1637 989 et
1683 947 1791 1007 ego
1839 947 1911 989 ex
1954 945 2165 1007 magna
2202 935 2375 1007 parte

346 1024 630 1095 expertus
677 1035 829 1078 sum.

526 1105 707 1166 Sanat
753 1122 894 1183 ergo
943 1105 1149 1165 morbo
1197 1105 1481 1167 comitiali
1527 1114 1854 1186 correptoS,
1906 1123 2056 1185 quos
2101 1102 2376 1183 epilepti-

347 1210 450 1254 cos
497 1192 710 1254 Graeci
752 1201 991 1275 vocant,
1039 1200 1098 1254 et
1144 1194 1431 1276 furiosae,
1487 1212 1638 1273 quos
1684 1211 2101 1255 maenomenos
2148 1193 2377 1255 dicunt.
2407 1208 2465 1247 10

348 1280 497 1341 Item
553 1290 721 1342 sanat
775 1281 992 1361 quibus
1050 1281 1250 1343 subito
1306 1282 1590 1343 tenebrae
1636 1282 2031 1344 obversantur
2076 1283 2138 1343 in
2185 1281 2377 1342 oculis

349 1387 485 1430 cum
533 1371 822 1448 vertigine
871 1370 1142 1452 quadam,
1188 1374 1606 1434 scotomaticos
1643 1372 1754 1432 hos
1802 1371 2012 1432 Graeci
2060 1368 2378 1451 appellant,

348 1476 459 1520 nec
513 1460 714 1520 minus
769 1459 999 1520 diutino
1051 1462 1347 1540 correptis
1393 1462 1605 1540 capitis
1652 1459 1881 1542 dolore,
1936 1478 2115 1539 quem
2161 1459 2376 1538 cepha·

348 1547 534 1609 laeam
582 1547 906 1631 appellant,
960 1549 1207 1629 prodest
1261 1549 1397 1610 data
1451 1549 1712 1610 denariis
1767 1548 2000 1610 duobus
2057 1566 2131 1609 ex
2187 1566 2376 1627 aquae

349 1635 575 1698 mulsae
630 1638 858 1718 cyathis
915 1645 1221 1719 quattuor,
1278 1657 1417 1700 cum
1466 1640 1704 1700 remissi
1748 1639 1999 1718 fuerint,
2053 1645 2115 1699 et
2160 1639 2216 1698 si
2259 1638 2377 1698 fre·
2406 1652 2464 1692 15

352 1733 631 1805 quenter,
687 1726 905 1805 quibus
960 1730 1298 1789 necessaria
1354 1735 1473 1807 est,
1529 1729 1957 1808 corripientur,
2015 1733 2152 1806 post
2206 1725 2379 1786 binas

350 1822 624 1875 ternasve
671 1818 1045 1877 accessiones
1091 1816 1281 1878 danda
1330 1818 1460 1877 erit.
1529 1814 1688 1877 Haec
1735 1816 2033 1876 antidotos
2077 1815 2246 1875 hiera
2293 1814 2380 1875 di·

353 1906 538 1985 citur3
582 1903 697 1965 hoc
744 1907 902 1965 enim
950 1924 1166 1966 nomen
1213 1904 1426 1967 tribuit
1472 1906 1530 1965 ei
1572 1915 1818 1985 propter
1855 1904 2002 1965 duas
2041 1921 2268 1984 causaS,
2312 1911 2382 1964 ut

353 1993 654 2075 existim03
700 2012 898 2076 unam,
946 2013 1023 2069 ne
1059 2012 1277 2056 nomen
1316 1996 1446 2055 eius
1483 2012 1690 2055 verum
1728 1993 1979 2055 dicendo
2017 1992 2382 2074 ostenderet,

353 2099 505 2160 quae
552 2090 712 2143 esset
741 2115 827 2125 —
856 2082 1078 2144 dicitur
1125 2085 1281 2145 enim
1322 2101 1354 2143 a
1391 2081 1747 2161 quibusdam
1785 2085 1967 2163 picra,
2006 2084 2144 2161 quia
2181 2099 2383 2142 amara
2410 2095 2466 2136 so

353 2177 462 2249 est,
510 2187 542 2229 a
590 2170 947 2249 quibusdam
992 2171 1087 2232 dia
1134 2170 1581 2251 colocynthidos
1620 2204 1702 2215 -
1743 2171 2004 2252 alteram,
2047 2170 2206 2249 quod
2244 2170 2384 2231 ideo

351 2256 609 2318 inditum
657 2268 766 2341 est,
814 2277 932 2339 quo
969 2261 1157 2338 magis
1195 2260 1308 2321 sub
1347 2268 1509 2322 tanta
1548 2263 1746 2341 specie
1784 2262 2042 2321 nominis
2079 2277 2387 2320 commen-

354 2345 523 2407 daret
576 2347 1093 2410 medicamentum.
1184 2349 1304 2410 Sed
1361 2352 1414 2410 si
1467 2350 1642 2428 longo
1699 2368 1772 2410 ex
1826 2347 2133 2410 intervallo
2181 2366 2386 2410 acces-

356 2434 626 2496 sionibus
665 2454 843 2517 supra
882 2440 1141 2519 scriptiS,
1187 2437 1408 2518 quibus
1445 2438 1804 2500 medendum
1842 2446 1949 2519 est,
1988 2435 2385 2519 vexabuntur,

353 2527 415 2585 in
462 2526 815 2586 remissione
862 2545 1067 2587 earum
1124 2535 1184 2588 et
1237 2529 1301 2587 in
1348 2528 1460 2589 alio
1508 2534 1685 2607 atque
1733 2527 1847 2588 alio
1893 2526 2094 2588 dolore
2142 2529 2388 2607 saepius
2413 2540 2468 2582 8⁵

356 2613 614 2674 dandum
662 2617 777 2675 erit
821 2615 1346 2698 medicamentum3
1401 2618 1482 2677 ita
1538 2619 1697 2677 enim
1752 2625 1853 2678 aut
1899 2634 1972 2677 ex
2017 2623 2142 2677 toto
2191 2633 2388 2677 reme-

354 2701 617 2764 diabitur
662 2711 765 2764 aut
810 2713 973 2766 certe
1020 2707 1325 2766 minuetur
1363 2707 1625 2785 impetus
1661 2706 1941 2767 vitiorum
1977 2711 2039 2765 et
2074 2703 2390 2766 sedabitur

354 2791 780 2871 intervallaque
827 2795 1050 2854 maiora
1087 2795 1358 2873 accipiet.
1421 2793 1562 2854 Dari
1598 2802 1796 2855 autem
1834 2792 2132 2873 oportebit
2168 2811 2389 2854 secun-

356 2880 495 2942 dum
550 2883 966 2960 purgationem
1021 2881 1183 2963 hilis,
1237 2900 1375 2942 nam
1432 2881 1613 2943 fellita
1669 2890 1730 2943 et
1776 2900 2055 2961 spumosa
2099 2890 2160 2943 et
2206 2880 2390 2960 gluti-

355 2987 500 3029 nosa
557 2969 822 3030 deiciunt
877 2972 981 3050 qui
1036 2973 1404 3051 acceperint,
1460 2988 1596 3031 cum
1643 2973 1910 3049 ptisanae
1958 2988 2229 3045 cremore
2277 2980 2388 3031 aut
2414 2984 2470 3024 ³⁰

356 3075 494 3118 cum
539 3057 742 3118 holere
790 3057 905 3118 levi
952 3077 1023 3119 ex
1070 3061 1263 3120 urtica
1311 3068 1371 3119 et
1416 3058 1649 3138 lapatho
1700 3068 1759 3120 et
1804 3059 1992 3120 malva
2037 3060 2209 3120 facto.

535 3144 701 3206 Facit
755 3145 906 3207 bene
961 3147 1107 3208 haec
1164 3149 1516 3228 compositio
1572 3155 1632 3208 et
1684 3149 1757 3209 ad
1814 3150 2138 3227 suspirium
2201 3155 2260 3208 et
2312 3148 2386 3209 ad

354 3236 519 3296 vocis
565 3233 960 3296 abscisionem
1007 3244 1067 3296 et
1113 3235 1184 3296 ad
1232 3236 1460 3298 subitas
1497 3237 1968 3315 praefocationes
2006 3255 2078 3297 ex
2118 3235 2391 3316 qualibet

355 3342 533 3386 causa
570 3332 730 3385 ortas
767 3332 827 3385 et
864 3323 937 3385 ad
976 3341 1097 3405 eoS,
1136 3325 1240 3404 qui
1277 3343 1453 3405 saepe
1492 3326 1830 3387 existimant
1866 3344 1930 3386 se
1970 3325 2044 3386 ab
2081 3324 2388 3388 incubone

535 3537 601 3586 21
650 3532 815 3586 verba
857 3530 1007 3615 quod
1052 3530 1179 3585 ideo
1226 3529 1468 3584 inditum
1508 3532 1621 3615 est,
1665 3547 1805 3601 quae
1832 3531 1996 3659 &pud
2030 3530 2393 3616 Scribonium

355 3602 569 3670 desum,
606 3603 836 3659 delenda
871 3603 1141 3658 mdentur.
1288 3608 1356 3656 33
1394 3601 1794 3658 abscissionem
1875 3618 2151 3658 ornamus,
