2575 4092
2375 2 2567 108 ἡ

988 276 1466 343 -313-

390 435 709 500 Lacertum
746 438 1011 520 viridem,
1049 457 1227 518 quem
1267 438 1480 500 Graeci
1516 456 1735 500 sauron
1771 448 1998 522 vocant,
2036 443 2235 520 capies
2273 453 2343 503 45

202 545 438 607 perque
485 529 615 588 eius
663 525 868 588 oculos
914 545 1086 588 acum
1132 545 1414 607 cupream
1470 545 1608 588 cum
1652 526 1789 589 licio
1837 547 2014 608 quam
2058 528 2234 610 longo

203 615 473 677 volueris
519 616 761 677 traicies
806 616 1244 695 perforatisque
1292 615 1482 678 oculis
1519 634 1656 677 eum
1692 616 1914 678 ibidem
1953 617 2084 699 loci,
2130 618 2235 680 ubi

206 723 478 785 ceperaS‚
514 704 779 765 dimittes
817 722 885 765 ac
924 713 1051 766 tum
1087 703 1252 766 filum
1290 704 1701 785 praecantabis
1738 705 1970 769 dicens:
2016 706 2234 768 Trebio

144 813 174 854 5
204 795 416 874 potnia
463 791 751 873 telapaho.
820 791 946 854 Hoc
994 801 1088 854 ter
1133 793 1341 855 dicens
1385 793 1551 855 filum
1596 793 1900 855 munditer
1945 795 2234 857 recondes

204 900 470 962 cumque
498 881 669 942 dolor
696 880 870 943 colici
897 881 1149 943 alicuius
1176 882 1474 964 urguebit‚
1501 885 1851 963 praecinges
1879 901 2015 945 eum
2042 892 2234 946 totum

205 989 397 1051 supra
442 970 790 1032 umbilicum
837 979 897 1032 et
943 978 1036 1032 ter
1082 970 1244 1032 dices
1292 989 1532 1033 carmen
1580 989 1761 1050 supra
1808 973 2115 1052 scriptum.

389 1058 889 1120 Praesentaneum
933 1059 1137 1121 colicis
1173 1061 1504 1121 remedium
1544 1062 1656 1121 sic:
1703 1059 1825 1121 Ova
1862 1061 2234 1141 putidissima
2271 1073 2343 1124 46

204 1150 272 1209 in
321 1147 445 1209 sole
492 1149 717 1229 ponito,
762 1155 833 1209 ut
867 1151 1306 1231 persiccentur3
1355 1168 1490 1210 cum
1528 1151 1815 1230 aruerint,
1861 1156 2137 1211 conteres
2174 1160 2234 1212 et

118 1258 176 1297 10
205 1239 608 1299 minutissime
644 1236 1037 1317 percriblabis
1083 1245 1144 1298 et
1180 1238 1252 1298 ad
1291 1237 1655 1317 praesidinm
1690 1240 1753 1298 in
1791 1236 2007 1300 doliolo
2046 1242 2233 1300 vitreo

205 1326 433 1387 condes
471 1343 738 1404 cumque·
763 1328 826 1386 in
863 1325 1060 1406 aliquo
1098 1326 1505 1406 auspicabitur
1540 1326 1656 1388 coli
1684 1325 1868 1408 dolor,
1906 1330 1967 1388 in
1995 1327 2232 1389 hemina

205 1433 397 1494 aquae
445 1412 667 1475 calidae
714 1414 881 1476 dabis
926 1414 1183 1476 bibenda
1227 1413 1505 1476 cocliaria
1550 1411 1681 1476 tria.

391 1503 636 1565 Costum
691 1511 751 1564 et
804 1505 979 1583 piper
1030 1505 1161 1583 pari
1222 1504 1485 1582 pondere
1546 1503 1781 1565 tundito
1842 1512 1903 1564 et
1955 1504 2233 1587 cribrato,
2270 1517 2340 1565 47

205 1592 351 1653 inde
397 1590 727 1672 scripulum
772 1610 959 1654 unum
1004 1610 1077 1653 ex
1123 1611 1275 1672 aqua
1322 1592 1508 1653 calida
1554 1591 1741 1653 colico
1784 1592 1858 1653 da
1893 1592 2233 1655 bibendum.

123 1700 178 1741 15
212 1681 461 1742 Stercus
517 1683 819 1742 murinum
866 1700 938 1742 ex
986 1678 1361 1761 quocumque
1407 1681 1639 1760 liquore
1686 1682 1986 1759 ignoranti
2029 1681 2234 1764 colico,
2270 1693 2343 1743 48

206 1788 285 1831 ne
334 1770 660 1851 horrescat,
705 1769 1028 1831 bibendum
1076 1769 1260 1850 dabss,
1308 1771 1526 1830 mirum
1575 1776 1682 1830 est.

391 1858 805 1937 Subpositoria
848 1858 1034 1920 colice
1080 1860 1325 1919 invicta:
1380 1856 1611 1938 Myrrae
1663 1890 1739 1901 —
1782 1857 1889 1938 111,
1937 1860 2101 1920 croci
2147 1859 2232 1920 Si·
2270 1870 2343 1919 49

208 1946 332 2008 culi
382 1980 458 1990 —
499 1946 580 2027 11,
637 1949 862 2027 piperis
918 1946 1037 2008 albi
1083 1980 1167 1990 —
1205 1946 1284 2028 11,
1342 1948 1465 2027 opii
1509 1946 1757 2026 Hispani
1801 1979 1887 1990 —-
1924 1946 1995 2007 11.
2075 1945 2233 2009 Haec

209 2037 409 2097 omnia
463 2035 680 2097 tundes
734 2036 830 2097 vel
883 2044 1160 2097 conteres
1216 2043 1277 2096 et
1329 2033 1545 2114 pilulas
1599 2035 1781 2095 facies
1827 2036 2233 2114 magnitudine

126 2144 180 2184 20
210 2124 381 2186 fabae
437 2123 657 2186 solidae
714 2132 774 2185 et
829 2131 954 2185 tres
1009 2123 1337 2206 subpones;
1392 2122 1638 2185 habebis
1694 2141 1835 2184 sane
1883 2142 2113 2204 curam,
2166 2133 2233 2186 ut

208 2231 386 2293 aeger
415 2213 669 2274 dormiat
697 2220 757 2274 et
783 2231 858 2274 ne
879 2220 1098 2293 vomat3
1126 2215 1383 2275 vomitus
1405 2214 1561 2273 enim
1584 2215 1885 2274 concitare
1906 2216 2230 2275 consuevit.

386 2301 474 2362 Ad
512 2302 628 2363 coli
664 2301 926 2362 dolorem
965 2301 1294 2363 remedium
1331 2301 1644 2383 physicum
1677 2303 1791 2363 sic:
1830 2301 2076 2363 Stercus
2106 2305 2233 2363 ovis
2270 2313 2345 2364 50

206 2399 520 2452 montanae
567 2409 772 2452 mense
811 2389 1149 2469 Septembri
1194 2391 1507 2451 deficiente
1553 2389 1691 2451 luna
1738 2390 1931 2470 pridie
1967 2390 2231 2453 inclusae

206 2497 379 2540 mane
436 2481 695 2559 excipies
747 2486 808 2539 et
853 2478 976 2540 sole
1023 2478 1266 2540 durabis
1313 2485 1491 2558 atque
1538 2481 1600 2540 in
1645 2477 1952 2557 pulverem
1997 2480 2232 2560 rediges

124 2587 179 2629 25
208 2576 268 2629 et
312 2567 562 2629 habebis
607 2570 669 2629 in
708 2585 844 2628 vaso
882 2569 1073 2628 vitreo
1112 2568 1235 2627 sive
1273 2574 1544 2648 stagne03
1592 2586 1728 2627 cum
1766 2585 1914 2628 usus
1952 2571 2234 2652 exegerit,

208 2655 476 2718 cocleare
521 2655 763 2736 plenum
809 2654 997 2717 colico
1045 2674 1117 2716 ex
1159 2674 1310 2736 aqua
1350 2655 1553 2736 calida,
1601 2657 1654 2716 si
1683 2655 2133 2738 ''febricitaverit,
2181 2662 2232 2719 si

207 2748 481 2806 sincerus
528 2747 659 2826 erit,
707 2763 842 2806 cum
890 2746 1025 2805 vino
1071 2749 1190 2825 per
1226 2744 1492 2805 triduum
1542 2742 1726 2805 dabis,

385 2833 526 2895 Ovis
563 2851 798 2914 agnum,
845 2851 1021 2912 quem
1058 2836 1319 2912 primum
1357 2833 1565 2915 pariet,
1611 2851 1791 2894 manu
1829 2835 2106 2914 excipieS,
2152 2836 2231 2894 ita
2270 2846 2338 2894 51

205 2929 276 2983 ut
328 2930 553 2983 terram
607 2940 728 2982 non
784 2930 1011 3002 tangat,
1068 2929 1128 2982 et
1179 2921 1252 2982 de
1301 2922 1497 2981 fronte
1545 2922 1811 2982 eiusdem
1860 2924 1995 3000 agni
2039 2921 2230 2983 lanam

121 3031 180 3071 so
208 3010 398 3092 tolleS‚
447 3010 551 3071 sed
588 3018 648 3071 et
685 3011 758 3071 de
795 3012 923 3089 ipsa
962 3028 1070 3070 ove
1110 3018 1170 3071 et
1206 3012 1417 3089 verriS‚
1460 3012 1564 3088 qui
1601 3012 1824 3071 coitum
1862 3027 2000 3071 cum
2037 3011 2231 3072 scrofa

207 3099 402 3180 faciet,
449 3118 655 3160 semen
701 3099 908 3160 eadem
952 3097 1084 3159 lana
1131 3100 1412 3178 excipieS,
1458 3100 1538 3159 ita
1585 3106 1652 3160 ut
1689 3107 1910 3160 terram
1949 3117 2068 3159 non
2108 3108 2231 3160 tan·

206 3197 319 3267 gat,
369 3194 430 3248 et
474 3187 744 3249 includes
790 3186 982 3249 lanam
1031 3206 1168 3248 cum
1215 3189 1441 3248 semine
1479 3189 1669 3248 verris
1708 3190 1770 3248 in
1807 3187 2010 3268 lupino
2049 3206 2231 3248 aureo

205 3277 297 3337 vel
343 3275 553 3338 tubulo
600 3284 661 3337 et
697 3275 995 3355 alligatum
1034 3278 1097 3337 in
1135 3276 1379 3338 brachio
1416 3275 1509 3337 vel
1544 3276 1756 3337 mediis
1792 3276 2064 3356 partibus
2103 3294 2232 3336 cor·

203 3366 370 3445 poris
418 3364 606 3426 colico
653 3365 1002 3445 suspendes,

382 3576 418 3624 4
458 3586 740 3640 coeperas.
840 3569 1036 3641 filium,
1072 3572 1198 3626 item
1237 3577 1288 3626 5.
1395 3577 1424 3625 7
1463 3566 1749 3623 umbilico.
1865 3574 1931 3623 16
1971 3571 2232 3627 orreseat.

202 3649 269 3699 21
317 3643 632 3699 consuetur.
866 3659 872 3664 ·
