2575 4092
1006 243 1486 308 —359—

223 406 509 487 solvatur,
554 415 760 486 postea
799 405 995 468 oleum
1033 408 1357 485 myrtinum
1395 414 1456 468 et
1493 424 1804 468 rosaceum
1843 414 1904 468 et
1941 405 2251 468 cedrinum

224 506 287 558 et
325 497 756 556 ammoniacum
792 497 1004 557 tritum
1041 495 1405 556 admiscetur
1443 504 1502 556 et
1530 504 1673 556 tunc
1704 494 2061 557 subducitur
2087 495 2251 556 flam·

223 603 339 664 ma,
377 602 452 645 ne
491 584 836 645 effervescat
872 583 1396 665 medicamentum3
1439 584 1770 645 secundum
1810 602 1961 664 quae
1998 585 2254 646 adicitur

225 691 472 734 crocum
529 674 739 734 tritum
796 691 867 733 ex
924 679 1118 754 aceto,
1178 671 1393 733 deinde
1448 690 1647 752 myrra
1702 673 1842 733 trita
1898 675 2253 753 aspergitur,

164 784 194 825 s
226 761 505 824 ultimum
551 763 775 822 nitrum
822 768 883 821 et
919 760 1128 822 Assius
1172 760 1323 839 lapis
1361 760 1598 822 additur
1636 768 1696 821 et
1733 763 1820 822 sic
1858 763 2255 841 compositum

225 849 723 911 medicamentum
770 852 1082 929 reponitur
1127 851 1192 910 in
1236 849 1467 929 pyxide.

406 938 673 1018 Acopum
701 937 773 998 ad
802 938 1266 1018 perfrictionem,
1304 937 1715 999 lassitudinem
1743 947 1804 999 et
1831 937 2096 999 dolorem
2125 945 2252 999 ten·
2289 955 2323 1005 e

225 1031 576 1106 sionemque
631 1045 979 1108 nervorum,
1028 1026 1188 1106 quod
1242 1025 1439 1087 hieme
1484 1026 1815 1087 adhibitum
1862 1044 1980 1087 non
2028 1029 2254 1107 patitur

224 1118 660 1196 perfrigescere
708 1114 1032 1196 quamlibet
1075 1122 1306 1193 partem
1354 1115 1782 1196 membrorum3
1829 1115 1942 1176 hoc
1987 1113 2255 1195 Augusta

138 1227 197 1267 ιο
227 1205 391 1266 Livia
453 1203 759 1283 utebatur,
815 1206 1030 1282 accipit
1086 1204 1259 1265 haec:
1325 1203 1594 1265 Samsuci
1649 1202 1815 1264 floris
1871 1201 1934 1264 ὃ*
1980 1204 2034 1284 Ι,
2096 1204 2253 1265 roris

226 1295 443 1356 marini
498 1293 778 1354 foliorum
824 1290 887 1353 θ
925 1292 978 1374 Ι,
1034 1293 1403 1372 faenograeci
1450 1291 1512 1353 P.
1550 1292 1602 1371 1,
1657 1294 1780 1353 vini
1825 1291 2062 1353 Falerni
2112 1311 2253 1353 con-

226 1385 409 1462 gium,
456 1379 574 1442 olei
608 1380 923 1442 Venafrani
959 1379 1022 1441 P.
1060 1379 1125 1441 V.
1188 1379 1434 1441 Praeter
1480 1379 1675 1441 oleum
1722 1384 1916 1442 omnia
1953 1380 2152 1442 triduo
2189 1383 2252 1441 in

226 1473 365 1532 vino
423 1471 714 1530 macerari
767 1468 1094 1551 oportebit,
1149 1476 1362 1549 quarto
1420 1467 1514 1528 die
1571 1468 1768 1530 oleum
1822 1468 2139 1530 admisceri
2193 1478 2256 1530 et

227 1561 408 1638 coqui
445 1560 505 1618 in
544 1576 734 1637 pruna
773 1575 892 1618 non
931 1559 1057 1618 acri
1092 1557 1607 1636 medicamentum,
1650 1557 1840 1618 donec
1877 1560 2077 1619 vinum
2116 1575 2255 1618 con-

140 1670 196 1711 us
228 1657 517 1726 sumatur,
563 1654 768 1724 postea
815 1645 1111 1724 percolari
1156 1664 1262 1725 per
1309 1644 1556 1706 linteum
1604 1644 1820 1726 duplex
1866 1645 2116 1725 oleoque
2155 1645 2254 1706 ad·

227 1736 347 1799 huc
395 1734 610 1797 calenti
658 1753 828 1796 cerae
872 1733 1151 1795 Ponticae
1200 1733 1264 1797 P.
1306 1733 1346 1794 S
1395 1732 1550 1794 adici
1595 1736 1896 1814 convenit3
1943 1736 2255 1813 reponitur

226 1824 726 1887 medicamentum
765 1822 932 1884 fictili
966 1822 1060 1883 vel
1098 1829 1342 1901 stagneo
1382 1840 1537 1883 vaso.
1593 1821 1742 1883 Usui
1769 1829 1861 1883 est
1888 1822 2046 1883 lenta
2077 1841 2255 1885 manu

226 1913 586 1993 perductum
633 1911 910 1973 omnibus
954 1910 1257 1972 membris,

407 2001 673 2080 Acopum
727 2000 799 2061 ad
860 2018 1181 2061 nervorum
1236 2016 1473 2079 causaS,
1529 1998 1687 2079 quod
1744 2017 1852 2078 per
1897 1998 2254 2061 vindemiam
2293 2019 2325 2070 ⁷

142 2111 203 2152 so
230 2092 625 2170 componitur,
672 2099 988 2169 antequam
1035 2095 1298 2149 mustum
1346 2087 1731 2168 defervescat,
1778 2090 1893 2151 sic:
1939 2087 2120 2149 Musti
2162 2106 2254 2149 re—

230 2182 423 2241 centis
470 2180 712 2256 congios
748 2176 796 2235 V
832 2187 892 2239 et
928 2176 1046 2238 olei
1081 2176 1399 2238 Venafrani
1435 2175 1498 2237 P.
1535 2176 1584 2256 1,
1626 2178 1688 2236 in
1735 2176 1829 2237 his
1876 2185 2254 2238 macerantur

230 2269 481 2347 species,
528 2283 678 2345 quae
725 2266 881 2327 infra
926 2268 1183 2344 scriptae
1223 2273 1382 2346 sunt,
1428 2274 1711 2326 contusae
1751 2274 1812 2326 et
1847 2264 2253 2345 percribratae

230 2354 649 2437 grandioribus
690 2353 1081 2414 foraminibus
1119 2353 1320 2433 cribri,
1367 2353 1426 2414 id
1468 2362 1559 2414 est
1594 2355 1702 2414 iris
1738 2352 2003 2433 Illyricae
2042 2352 2094 2413 X
2133 2352 2255 2436 XL,

231 2446 436 2524 cyperi
463 2442 515 2503 X
542 2440 662 2523 XL,
689 2441 845 2502 faeni
873 2445 1070 2520 graeci
1098 2441 1149 2501 X
1178 2440 1299 2522 XL,
1326 2443 1552 2521 piperis
1580 2443 1737 2520 nigri
1770 2440 1819 2502 X
1847 2441 1966 2522 XL,
1999 2441 2256 2521 xylobal-

146 2552 205 2594 25
232 2535 380 2594 sami
400 2530 572 2610 XXL,
600 2529 811 2591 calami
838 2530 1085 2611 odorati,
1105 2548 1223 2609 quo
1246 2532 1623 2607 unguentarii
1652 2536 1922 2612 utuntur,
1952 2530 2003 2590 X
2022 2529 2256 2613 LXXX,

233 2621 480 2683 schoeni
525 2618 577 2679 X
621 2617 849 2697 LXXX,
895 2618 1193 2680 saliuncae
1239 2617 1291 2677 X
1337 2616 1577 2697 LXXX,
1624 2617 1880 2679 sertulae
1928 2618 2256 2698 Campanae

232 2710 284 2771 X
322 2707 502 2787 XIIII,
549 2709 742 2768 casiae
789 2709 993 2785 nigrae
1032 2706 1084 2767 X
1114 2705 1349 2786 XXIIII,
1394 2705 1756 2766 cardamomi
1791 2706 1842 2766 X
1872 2706 2024 2787 XXI,
2072 2714 2257 2788 styra-

233 2801 320 2859 cis
366 2797 417 2857 X
465 2794 722 2875 XXVIII,
769 2797 922 2856 costi
966 2793 1208 2874 XXIIII,
1254 2812 1487 2874 myrrae
1533 2794 1814 2856 Amineae
1861 2794 1912 2854 X
1961 2794 2113 2876 XXI,
2160 2814 2256 2857 ca-

234 2888 354 2947 siae
402 2883 765 2963 daphnitidis
812 2882 864 2943 X
910 2882 1100 2962 XIIII,
1148 2884 1346 2962 spicae
1394 2881 1563 2943 nardi
1609 2882 1661 2943 X
1709 2882 1828 2943 XL.
1910 2882 2071 2945 Haec
2118 2903 2256 2946 cum

149 2994 207 3034 so
233 2981 430 3036 musto
486 2980 548 3033 et
600 2971 728 3032 oleo
786 2978 1164 3032 macerantur
1209 2975 1271 3032 in
1322 2988 1458 3031 vaso
1505 2979 1747 3050 stagneo
1793 2979 1896 3033 aut
1941 2972 2109 3033 fictili
2153 2992 2257 3054 po-

235 3067 343 3125 sita
390 3080 500 3142 per
545 3062 673 3123 dies
718 3058 896 3120 XXX.
981 3058 1232 3138 Oportet
1286 3067 1485 3121 autem
1536 3078 1638 3120 vas
1683 3059 1836 3121 bene
1883 3061 2150 3123 clausum
2196 3071 2259 3125 et

234 3152 534 3230 alligatum
598 3148 691 3209 bis
755 3150 817 3208 in
874 3147 969 3208 die
1030 3148 1177 3209 solvi
1234 3157 1295 3209 et
1347 3149 1698 3228 permisceri
1753 3151 1974 3229 omnia,
2040 3149 2256 3212 deinde

233 3257 447 3302 rursus
493 3239 717 3317 operiri
761 3243 825 3296 et
871 3238 1110 3316 signari,
1157 3255 1231 3297 ne
1279 3239 1437 3297 vires
1483 3245 1852 3298 evanescant.
1916 3236 2060 3299 Post
2094 3236 2257 3299 XXX

234 3330 363 3391 dies
411 3327 681 3389 colantur
729 3333 1039 3407 macerata,
1085 3324 1159 3386 de
1206 3325 1425 3405 quibus
1463 3328 1631 3405 quasi
1668 3325 1865 3386 oleum
1901 3344 2119 3404 purum
2157 3345 2256 3387 ex-

415 3469 442 3517 1
480 3441 782 3531 myrtinum
848 3455 1193 3516 scribendum
1227 3462 1444 3516 videtur
1469 3460 1691 3515 irinum.
1795 3465 1858 3513 11
1888 3460 2040 3515 faeni
2067 3461 2259 3530 graeci

237 3533 539 3591 sextarium
575 3549 749 3587 unum
861 3533 1036 3587 ribon.
1251 3537 1322 3586 28
1361 3530 1628 3585 Amineae
1667 3531 1947 3587 Scribam.-
1992 3531 2254 3587 minneae

237 3605 557 3662 Coo-narius.
699 3608 768 3657 29
806 3621 831 3657 s
834 3600 996 3673 picae
1032 3600 1217 3673 nardi]
1258 3600 1540 3671 aspalathi
1576 3601 1826 3657 Scribon.
