<?xml version="1.0" encoding="UTF-8"?>
<!DOCTYPE html PUBLIC "-//W3C//DTD XHTML 1.0 Transitional//EN"
    "http://www.w3.org/TR/xhtml1/DTD/xhtml1-transitional.dtd">
<html xmlns="http://www.w3.org/1999/xhtml" xml:lang="en" lang="en">
 <head>
  <title>
</title>
<meta http-equiv="Content-Type" content="text/html;charset=utf-8" />
  <meta name='ocr-system' content='tesseract 3.04.00' />
  <meta name='ocr-capabilities' content='ocr_page ocr_carea ocr_par ocr_line ocrx_word'/>
</head>
<body>
  <div class='ocr_page' id='page_1' title='image "./marcellidemedic00unkngoog_0275.png"; bbox 0 0 2575 4092; ppageno 0'>
   <div class='ocr_carea' id='block_1_1' title="bbox 993 229 1473 295">
    <p class='ocr_par' dir='ltr' id='par_1_1' title="bbox 993 229 1473 295">
     <span class='ocr_line' id='line_1_1' title="bbox 993 229 1473 295; baseline -0.002 0"><span class='ocrx_word' id='word_1_1' title='bbox 993 263 1069 277; x_wconf 88' lang='lat'>—</span> <span class='ocrx_word' id='word_1_2' title='bbox 1166 229 1473 295; x_wconf 80' lang='lat'>255-</span> 
     </span>
    </p>
   </div>
   <div class='ocr_carea' id='block_1_2' title="bbox 127 391 2345 2512">
    <p class='ocr_par' dir='ltr' id='par_1_2' title="bbox 212 391 2313 737">
     <span class='ocr_line' id='line_1_2' title="bbox 392 391 2313 457; baseline 0.002 -5"><span class='ocrx_word' id='word_1_3' title='bbox 392 391 611 453; x_wconf 86' lang='lat' dir='ltr'>Multos</span> <span class='ocrx_word' id='word_1_4' title='bbox 658 409 794 452; x_wconf 89' lang='lat' dir='ltr'>cum</span> <span class='ocrx_word' id='word_1_5' title='bbox 842 391 1228 452; x_wconf 78' lang='lat' dir='ltr'><strong>admiratione</strong></span> <span class='ocrx_word' id='word_1_6' title='bbox 1278 392 1526 453; x_wconf 80' lang='lat' dir='ltr'>effectus</span> <span class='ocrx_word' id='word_1_7' title='bbox 1563 392 1894 454; x_wconf 87' lang='lat' dir='ltr'>audivimus</span> <span class='ocrx_word' id='word_1_8' title='bbox 1933 404 2243 456; x_wconf 88' lang='lat' dir='ltr'>narrantes</span> <span class='ocrx_word' id='word_1_9' title='bbox 2280 408 2313 457; x_wconf 73' lang='grc'><strong>9</strong></span> 
     </span>
     <span class='ocr_line' id='line_1_3' title="bbox 213 479 2241 563; baseline 0.001 -21"><span class='ocrx_word' id='word_1_10' title='bbox 213 480 458 543; x_wconf 84' lang='lat' dir='ltr'>Casilini</span> <span class='ocrx_word' id='word_1_11' title='bbox 495 482 660 541; x_wconf 89' lang='lat' dir='ltr'>nasci</span> <span class='ocrx_word' id='word_1_12' title='bbox 687 482 748 541; x_wconf 89' lang='lat' dir='ltr'>iu</span> <span class='ocrx_word' id='word_1_13' title='bbox 787 480 1120 559; x_wconf 79' lang='lat' dir='ltr'>lapidicinis</span> <span class='ocrx_word' id='word_1_14' title='bbox 1154 479 1435 541; x_wconf 81' lang='lat' dir='ltr'>bestiolas</span> <span class='ocrx_word' id='word_1_15' title='bbox 1465 480 1855 542; x_wconf 81' lang='lat' dir='ltr'>adhaerentes</span> <span class='ocrx_word' id='word_1_16' title='bbox 1884 485 2041 543; x_wconf 86' lang='lat' dir='ltr'>saxis</span> <span class='ocrx_word' id='word_1_17' title='bbox 2071 487 2241 563; x_wconf 86' lang='lat' dir='ltr'>quasi</span> 
     </span>
     <span class='ocr_line' id='line_1_4' title="bbox 212 569 2237 649; baseline 0.001 -18"><span class='ocrx_word' id='word_1_18' title='bbox 212 569 578 649; x_wconf 88' lang='lat' dir='ltr'>verruculas,</span> <span class='ocrx_word' id='word_1_19' title='bbox 616 569 722 629; x_wconf 88' lang='lat' dir='ltr'>has</span> <span class='ocrx_word' id='word_1_20' title='bbox 759 569 924 630; x_wconf 89' lang='lat' dir='ltr'>datas</span> <span class='ocrx_word' id='word_1_21' title='bbox 962 571 1135 629; x_wconf 87' lang='lat' dir='ltr'>tritas</span> <span class='ocrx_word' id='word_1_22' title='bbox 1175 588 1247 629; x_wconf 86' lang='lat' dir='ltr'>ex</span> <span class='ocrx_word' id='word_1_23' title='bbox 1286 587 1473 649; x_wconf 89' lang='lat' dir='ltr'>aquae</span> <span class='ocrx_word' id='word_1_24' title='bbox 1515 569 1743 649; x_wconf 78' lang='lat' dir='ltr'>cyathis</span> <span class='ocrx_word' id='word_1_25' title='bbox 1780 570 1973 632; x_wconf 90' lang='lat' dir='ltr'>tribus</span> <span class='ocrx_word' id='word_1_26' title='bbox 2012 572 2237 633; x_wconf 81' lang='lat' dir='ltr'>findere</span> 
     </span>
     <span class='ocr_line' id='line_1_5' title="bbox 212 657 1751 737; baseline -0.001 -18"><span class='ocrx_word' id='word_1_27' title='bbox 212 667 273 720; x_wconf 88' lang='lat' dir='ltr'>et</span> <span class='ocrx_word' id='word_1_28' title='bbox 318 676 428 737; x_wconf 90' lang='lat' dir='ltr'>per</span> <span class='ocrx_word' id='word_1_29' title='bbox 475 660 709 718; x_wconf 85' lang='lat' dir='ltr'>urinam</span> <span class='ocrx_word' id='word_1_30' title='bbox 756 657 1068 718; x_wconf 85' lang='lat' dir='ltr'>extrahere</span> <span class='ocrx_word' id='word_1_31' title='bbox 1115 657 1342 736; x_wconf 89' lang='lat' dir='ltr'>lapides</span> <span class='ocrx_word' id='word_1_32' title='bbox 1389 658 1462 718; x_wconf 88' lang='lat' dir='ltr'>de</span> <span class='ocrx_word' id='word_1_33' title='bbox 1509 659 1751 719; x_wconf 85' lang='lat' dir='ltr'>vessica.</span> 
     </span>
    </p>

    <p class='ocr_par' dir='ltr' id='par_1_3' title="bbox 153 745 2345 1182">
     <span class='ocr_line' id='line_1_6' title="bbox 153 745 2345 831; baseline 0.001 -23"><span class='ocrx_word' id='word_1_34' title='bbox 153 767 182 808; x_wconf 79' lang='lat'><strong>5</strong></span> <span class='ocrx_word' id='word_1_35' title='bbox 391 747 480 807; x_wconf 83' lang='lat' dir='ltr'>Ad</span> <span class='ocrx_word' id='word_1_36' title='bbox 519 745 849 807; x_wconf 87' lang='lat' dir='ltr'>calculosos</span> <span class='ocrx_word' id='word_1_37' title='bbox 886 746 1215 806; x_wconf 88' lang='lat' dir='ltr'>remedium</span> <span class='ocrx_word' id='word_1_38' title='bbox 1257 746 1400 807; x_wconf 88' lang='lat' dir='ltr'>utile</span> <span class='ocrx_word' id='word_1_39' title='bbox 1438 749 1554 807; x_wconf 85' lang='lat' dir='ltr'>sic:</span> <span class='ocrx_word' id='word_1_40' title='bbox 1600 746 1949 808; x_wconf 89' lang='lat' dir='ltr'>Cucumeris</span> <span class='ocrx_word' id='word_1_41' title='bbox 1977 751 2239 831; x_wconf 90' lang='lat' dir='ltr'>seminis,</span> <span class='ocrx_word' id='word_1_42' title='bbox 2278 762 2345 811; x_wconf 85' lang='lat'>10</span> 
     </span>
     <span class='ocr_line' id='line_1_7' title="bbox 210 834 2237 915; baseline 0.001 -18"><span class='ocrx_word' id='word_1_43' title='bbox 210 837 403 915; x_wconf 88' lang='lat' dir='ltr'>dauci,</span> <span class='ocrx_word' id='word_1_44' title='bbox 452 837 634 914; x_wconf 88' lang='lat' dir='ltr'>anesi,</span> <span class='ocrx_word' id='word_1_45' title='bbox 679 836 815 913; x_wconf 89' lang='lat' dir='ltr'>apii,</span> <span class='ocrx_word' id='word_1_46' title='bbox 861 834 1215 915; x_wconf 87' lang='lat' dir='ltr'>petrosilini,</span> <span class='ocrx_word' id='word_1_47' title='bbox 1262 854 1512 915; x_wconf 87' lang='lat' dir='ltr'>myrrae,</span> <span class='ocrx_word' id='word_1_48' title='bbox 1553 835 1921 915; x_wconf 86' lang='lat' dir='ltr'>singulorum</span> <span class='ocrx_word' id='word_1_49' title='bbox 1961 837 2237 900; x_wconf 88' lang='lat' dir='ltr'>denarios</span> 
     </span>
     <span class='ocr_line' id='line_1_8' title="bbox 212 923 2239 1006; baseline 0.001 -21"><span class='ocrx_word' id='word_1_50' title='bbox 212 934 445 1004; x_wconf 77' lang='lat' dir='ltr'>ternoS,</span> <span class='ocrx_word' id='word_1_51' title='bbox 491 926 683 984; x_wconf 88' lang='lat' dir='ltr'>casiae</span> <span class='ocrx_word' id='word_1_52' title='bbox 731 923 1117 1005; x_wconf 81' lang='lat' dir='ltr'>daphnitidiS,</span> <span class='ocrx_word' id='word_1_53' title='bbox 1164 926 1440 1005; x_wconf 88' lang='lat' dir='ltr'>cinnami,</span> <span class='ocrx_word' id='word_1_54' title='bbox 1488 924 1677 1006; x_wconf 90' lang='lat' dir='ltr'>nardi,</span> <span class='ocrx_word' id='word_1_55' title='bbox 1723 924 2092 1003; x_wconf 85' lang='lat' dir='ltr'>singulorum</span> <span class='ocrx_word' id='word_1_56' title='bbox 2140 927 2239 988; x_wconf 91' lang='lat' dir='ltr'>de·</span> 
     </span>
     <span class='ocr_line' id='line_1_9' title="bbox 212 1012 2239 1094; baseline 0.001 -20"><span class='ocrx_word' id='word_1_57' title='bbox 212 1015 411 1074; x_wconf 87' lang='lat' dir='ltr'>uarios</span> <span class='ocrx_word' id='word_1_58' title='bbox 459 1012 741 1092; x_wconf 85' lang='lat' dir='ltr'>singulos.</span> <span class='ocrx_word' id='word_1_59' title='bbox 820 1012 983 1073; x_wconf 85' lang='lat' dir='ltr'>Trita</span> <span class='ocrx_word' id='word_1_60' title='bbox 1029 1012 1174 1073; x_wconf 89' lang='lat' dir='ltr'>haec</span> <span class='ocrx_word' id='word_1_61' title='bbox 1222 1016 1418 1073; x_wconf 90' lang='lat' dir='ltr'>omnia</span> <span class='ocrx_word' id='word_1_62' title='bbox 1464 1031 1617 1092; x_wconf 89' lang='lat' dir='ltr'>aqua</span> <span class='ocrx_word' id='word_1_63' title='bbox 1664 1012 2044 1094; x_wconf 85' lang='lat' dir='ltr'>colliguntur,</span> <span class='ocrx_word' id='word_1_64' title='bbox 2091 1016 2239 1078; x_wconf 81' lang='lat' dir='ltr'>flunt</span> 
     </span>
     <span class='ocr_line' id='line_1_10' title="bbox 210 1100 2240 1182; baseline 0.001 -20"><span class='ocrx_word' id='word_1_65' title='bbox 210 1103 432 1181; x_wconf 82' lang='lat' dir='ltr'>pastilli</span> <span class='ocrx_word' id='word_1_66' title='bbox 477 1101 668 1180; x_wconf 88' lang='lat' dir='ltr'>lupini</span> <span class='ocrx_word' id='word_1_67' title='bbox 714 1101 1136 1181; x_wconf 82' lang='lat' dir='ltr'>magnitudine,</span> <span class='ocrx_word' id='word_1_68' title='bbox 1183 1100 1401 1162; x_wconf 87' lang='lat' dir='ltr'>dantur</span> <span class='ocrx_word' id='word_1_69' title='bbox 1439 1103 1639 1163; x_wconf 90' lang='lat' dir='ltr'>ieiuno</span> <span class='ocrx_word' id='word_1_70' title='bbox 1678 1120 1749 1162; x_wconf 85' lang='lat' dir='ltr'>ex</span> <span class='ocrx_word' id='word_1_71' title='bbox 1788 1120 1974 1182; x_wconf 88' lang='lat' dir='ltr'>aquae</span> <span class='ocrx_word' id='word_1_72' title='bbox 2014 1104 2240 1182; x_wconf 82' lang='lat' dir='ltr'>cyathis</span> 
     </span>
    </p>

    <p class='ocr_par' dir='ltr' id='par_1_4' title="bbox 130 1188 2240 1625">
     <span class='ocr_line' id='line_1_11' title="bbox 130 1188 2237 1268; baseline 0.002 -19"><span class='ocrx_word' id='word_1_73' title='bbox 130 1211 184 1250; x_wconf 83' lang='grc' dir='ltr'>ιο</span> <span class='ocrx_word' id='word_1_74' title='bbox 212 1193 403 1251; x_wconf 89' lang='lat' dir='ltr'>ternis</span> <span class='ocrx_word' id='word_1_75' title='bbox 450 1208 558 1268; x_wconf 89' lang='lat' dir='ltr'>per</span> <span class='ocrx_word' id='word_1_76' title='bbox 604 1190 731 1250; x_wconf 89' lang='lat' dir='ltr'>dies</span> <span class='ocrx_word' id='word_1_77' title='bbox 769 1189 888 1251; x_wconf 88' lang='lat' dir='ltr'>XL.</span> <span class='ocrx_word' id='word_1_78' title='bbox 958 1188 1082 1250; x_wconf 88' lang='lat' dir='ltr'>Hoc</span> <span class='ocrx_word' id='word_1_79' title='bbox 1122 1191 1617 1251; x_wconf 86' lang='lat' dir='ltr'>medicamentum</span> <span class='ocrx_word' id='word_1_80' title='bbox 1656 1190 1931 1252; x_wconf 89' lang='lat' dir='ltr'>tunditur</span> <span class='ocrx_word' id='word_1_81' title='bbox 1971 1192 2060 1253; x_wconf 88' lang='lat' dir='ltr'>vel</span> <span class='ocrx_word' id='word_1_82' title='bbox 2099 1211 2237 1254; x_wconf 91' lang='lat' dir='ltr'>con-</span> 
     </span>
     <span class='ocr_line' id='line_1_12' title="bbox 209 1277 2235 1360; baseline 0.001 -20"><span class='ocrx_word' id='word_1_83' title='bbox 209 1282 457 1358; x_wconf 87' lang='lat' dir='ltr'>ponitur</span> <span class='ocrx_word' id='word_1_84' title='bbox 511 1281 574 1338; x_wconf 93' lang='lat' dir='ltr'>in</span> <span class='ocrx_word' id='word_1_85' title='bbox 621 1279 738 1358; x_wconf 89' lang='lat' dir='ltr'>pila</span> <span class='ocrx_word' id='word_1_86' title='bbox 785 1277 976 1357; x_wconf 85' lang='lat' dir='ltr'>lignea</span> <span class='ocrx_word' id='word_1_87' title='bbox 1024 1287 1085 1338; x_wconf 90' lang='lat' dir='ltr'>et</span> <span class='ocrx_word' id='word_1_88' title='bbox 1131 1279 1246 1357; x_wconf 90' lang='lat' dir='ltr'>pilo</span> <span class='ocrx_word' id='word_1_89' title='bbox 1295 1280 1517 1360; x_wconf 83' lang='lat' dir='ltr'>ligne03</span> <span class='ocrx_word' id='word_1_90' title='bbox 1575 1283 1676 1358; x_wconf 88' lang='lat' dir='ltr'>qui</span> <span class='ocrx_word' id='word_1_91' title='bbox 1734 1282 2046 1342; x_wconf 90' lang='lat' dir='ltr'>contundit</span> <span class='ocrx_word' id='word_1_92' title='bbox 2094 1299 2235 1342; x_wconf 90' lang='lat' dir='ltr'>anu-</span> 
     </span>
     <span class='ocr_line' id='line_1_13' title="bbox 207 1367 2240 1447; baseline 0.001 -19"><span class='ocrx_word' id='word_1_93' title='bbox 207 1368 334 1429; x_wconf 91' lang='lat' dir='ltr'>lum</span> <span class='ocrx_word' id='word_1_94' title='bbox 372 1369 634 1428; x_wconf 90' lang='lat' dir='ltr'>ferreum</span> <span class='ocrx_word' id='word_1_95' title='bbox 671 1386 793 1428; x_wconf 93' lang='lat' dir='ltr'>non</span> <span class='ocrx_word' id='word_1_96' title='bbox 830 1367 1072 1447; x_wconf 84' lang='lat' dir='ltr'>habeat3</span> <span class='ocrx_word' id='word_1_97' title='bbox 1108 1367 1261 1428; x_wconf 90' lang='lat' dir='ltr'>hanc</span> <span class='ocrx_word' id='word_1_98' title='bbox 1299 1371 1456 1428; x_wconf 92' lang='lat' dir='ltr'>enim</span> <span class='ocrx_word' id='word_1_99' title='bbox 1497 1370 1981 1447; x_wconf 88' lang='lat' dir='ltr'>superstitionem</span> <span class='ocrx_word' id='word_1_100' title='bbox 2020 1369 2240 1432; x_wconf 88' lang='lat' dir='ltr'>adiecit</span> 
     </span>
     <span class='ocr_line' id='line_1_14' title="bbox 208 1454 2238 1536; baseline 0.001 -19"><span class='ocrx_word' id='word_1_101' title='bbox 208 1456 562 1517; x_wconf 82' lang='lat' dir='ltr'>Ambrosius</span> <span class='ocrx_word' id='word_1_102' title='bbox 618 1455 887 1516; x_wconf 88' lang='lat' dir='ltr'>medicus</span> <span class='ocrx_word' id='word_1_103' title='bbox 933 1454 1322 1536; x_wconf 86' lang='lat' dir='ltr'>Puteolanus,</span> <span class='ocrx_word' id='word_1_104' title='bbox 1380 1458 1483 1535; x_wconf 89' lang='lat' dir='ltr'>qui</span> <span class='ocrx_word' id='word_1_105' title='bbox 1533 1456 1863 1517; x_wconf 84' lang='lat' dir='ltr'>adfirmavit</span> <span class='ocrx_word' id='word_1_106' title='bbox 1907 1457 2126 1518; x_wconf 90' lang='lat' dir='ltr'>multos</span> <span class='ocrx_word' id='word_1_107' title='bbox 2174 1477 2238 1519; x_wconf 89' lang='lat' dir='ltr'>se</span> 
     </span>
     <span class='ocr_line' id='line_1_15' title="bbox 210 1543 2238 1625; baseline 0.001 -20"><span class='ocrx_word' id='word_1_108' title='bbox 210 1545 326 1605; x_wconf 93' lang='lat' dir='ltr'>hoc</span> <span class='ocrx_word' id='word_1_109' title='bbox 367 1544 796 1606; x_wconf 89' lang='lat' dir='ltr'>medicamento</span> <span class='ocrx_word' id='word_1_110' title='bbox 838 1562 1094 1604; x_wconf 89' lang='lat' dir='ltr'>sanasse.</span> <span class='ocrx_word' id='word_1_111' title='bbox 1150 1543 1475 1605; x_wconf 88' lang='lat' dir='ltr'>Detrahere</span> <span class='ocrx_word' id='word_1_112' title='bbox 1515 1553 1710 1604; x_wconf 87' lang='lat' dir='ltr'>autem</span> <span class='ocrx_word' id='word_1_113' title='bbox 1740 1544 1887 1605; x_wconf 86' lang='lat' dir='ltr'>dixit</span> <span class='ocrx_word' id='word_1_114' title='bbox 1915 1554 2053 1625; x_wconf 92' lang='lat' dir='ltr'>post</span> <span class='ocrx_word' id='word_1_115' title='bbox 2081 1546 2238 1607; x_wconf 90' lang='lat' dir='ltr'>diem</span> 
     </span>
    </p>

    <p class='ocr_par' dir='ltr' id='par_1_5' title="bbox 128 1631 2074 1713">
     <span class='ocr_line' id='line_1_16' title="bbox 128 1631 2074 1713; baseline -0.001 -19"><span class='ocrx_word' id='word_1_116' title='bbox 128 1653 181 1694; x_wconf 85' lang='lat'>15</span> <span class='ocrx_word' id='word_1_117' title='bbox 212 1635 532 1713; x_wconf 88' lang='lat' dir='ltr'>septimum</span> <span class='ocrx_word' id='word_1_118' title='bbox 581 1635 869 1712; x_wconf 82' lang='lat' dir='ltr'>fragmina</span> <span class='ocrx_word' id='word_1_119' title='bbox 918 1632 1203 1712; x_wconf 88' lang='lat' dir='ltr'>quaedam</span> <span class='ocrx_word' id='word_1_120' title='bbox 1252 1632 1513 1711; x_wconf 90' lang='lat' dir='ltr'>lapidum</span> <span class='ocrx_word' id='word_1_121' title='bbox 1562 1634 1731 1711; x_wconf 84' lang='lat' dir='ltr'>quasi</span> <span class='ocrx_word' id='word_1_122' title='bbox 1775 1631 2074 1693; x_wconf 91' lang='lat' dir='ltr'>harenam.</span> 
     </span>
    </p>

    <p class='ocr_par' dir='ltr' id='par_1_6' title="bbox 178 1719 2342 2067">
     <span class='ocr_line' id='line_1_17' title="bbox 389 1719 2342 1802; baseline 0.002 -20"><span class='ocrx_word' id='word_1_123' title='bbox 389 1722 476 1782; x_wconf 83' lang='lat' dir='ltr'>Ad</span> <span class='ocrx_word' id='word_1_124' title='bbox 507 1722 852 1802; x_wconf 91' lang='lat' dir='ltr'>calculosos,</span> <span class='ocrx_word' id='word_1_125' title='bbox 891 1720 1166 1794; x_wconf 88' lang='lat' dir='ltr'>lienosos,</span> <span class='ocrx_word' id='word_1_126' title='bbox 1200 1721 1559 1801; x_wconf 78' lang='lat' dir='ltr'>hydropicos</span> <span class='ocrx_word' id='word_1_127' title='bbox 1588 1719 2085 1784; x_wconf 89' lang='lat' dir='ltr'>medicamentum</span> <span class='ocrx_word' id='word_1_128' title='bbox 2115 1723 2237 1783; x_wconf 84' lang='lat' dir='ltr'>effi·</span> <span class='ocrx_word' id='word_1_129' title='bbox 2277 1737 2342 1785; x_wconf 90' lang='lat'>11</span> 
     </span>
     <span class='ocr_line' id='line_1_18' title="bbox 210 1809 2235 1893; baseline 0.001 -22"><span class='ocrx_word' id='word_1_130' title='bbox 210 1828 336 1891; x_wconf 87' lang='lat' dir='ltr'>cax,</span> <span class='ocrx_word' id='word_1_131' title='bbox 375 1811 531 1889; x_wconf 87' lang='lat' dir='ltr'>quod</span> <span class='ocrx_word' id='word_1_132' title='bbox 572 1819 632 1871; x_wconf 92' lang='lat' dir='ltr'>et</span> <span class='ocrx_word' id='word_1_133' title='bbox 669 1812 901 1871; x_wconf 89' lang='lat' dir='ltr'>urinam</span> <span class='ocrx_word' id='word_1_134' title='bbox 942 1809 1200 1870; x_wconf 88' lang='lat' dir='ltr'>detrahit</span> <span class='ocrx_word' id='word_1_135' title='bbox 1236 1818 1298 1870; x_wconf 90' lang='lat' dir='ltr'>et</span> <span class='ocrx_word' id='word_1_136' title='bbox 1336 1809 1560 1888; x_wconf 91' lang='lat' dir='ltr'>lapides</span> <span class='ocrx_word' id='word_1_137' title='bbox 1593 1811 1657 1869; x_wconf 94' lang='lat' dir='ltr'>in</span> <span class='ocrx_word' id='word_1_138' title='bbox 1686 1811 1911 1870; x_wconf 88' lang='lat' dir='ltr'>vessica</span> <span class='ocrx_word' id='word_1_139' title='bbox 1940 1821 2235 1893; x_wconf 85' lang='lat' dir='ltr'>extenuat,</span> 
     </span>
     <span class='ocr_line' id='line_1_19' title="bbox 211 1897 2238 1979; baseline 0 -19"><span class='ocrx_word' id='word_1_140' title='bbox 211 1900 527 1960; x_wconf 90' lang='lat' dir='ltr'>conficitur</span> <span class='ocrx_word' id='word_1_141' title='bbox 573 1902 684 1961; x_wconf 84' lang='lat' dir='ltr'>sic:</span> <span class='ocrx_word' id='word_1_142' title='bbox 733 1898 980 1979; x_wconf 87' lang='lat' dir='ltr'>Eryngi,</span> <span class='ocrx_word' id='word_1_143' title='bbox 1026 1899 1320 1978; x_wconf 88' lang='lat' dir='ltr'>pyrethri,</span> <span class='ocrx_word' id='word_1_144' title='bbox 1367 1897 1684 1977; x_wconf 87' lang='lat' dir='ltr'>saliuncae,</span> <span class='ocrx_word' id='word_1_145' title='bbox 1730 1899 2075 1979; x_wconf 81' lang='lat' dir='ltr'>saxifragae,</span> <span class='ocrx_word' id='word_1_146' title='bbox 2121 1904 2238 1960; x_wconf 90' lang='lat' dir='ltr'>sin-</span> 
     </span>
     <span class='ocr_line' id='line_1_20' title="bbox 178 1985 2238 2067; baseline 0 -18"><span class='ocrx_word' id='word_1_147' title='bbox 178 1987 487 2067; x_wconf 85' lang='lat' dir='ltr'>gulorum</span> <span class='ocrx_word' id='word_1_148' title='bbox 536 1988 812 2049; x_wconf 87' lang='lat' dir='ltr'>denarios</span> <span class='ocrx_word' id='word_1_149' title='bbox 859 1987 1072 2066; x_wconf 82' lang='lat' dir='ltr'>denoS,</span> <span class='ocrx_word' id='word_1_150' title='bbox 1117 1987 1287 2067; x_wconf 90' lang='lat' dir='ltr'>polii,</span> <span class='ocrx_word' id='word_1_151' title='bbox 1337 1988 1484 2067; x_wconf 81' lang='lat' dir='ltr'>folii,</span> <span class='ocrx_word' id='word_1_152' title='bbox 1513 1985 1933 2067; x_wconf 80' lang='lat' dir='ltr'>aristolociae,</span> <span class='ocrx_word' id='word_1_153' title='bbox 1980 1988 2238 2066; x_wconf 84' lang='lat' dir='ltr'>singulo-</span> 
     </span>
    </p>

    <p class='ocr_par' dir='ltr' id='par_1_7' title="bbox 127 2076 2237 2512">
     <span class='ocr_line' id='line_1_21' title="bbox 127 2076 2237 2159; baseline 0 -23"><span class='ocrx_word' id='word_1_154' title='bbox 127 2097 182 2136; x_wconf 83' lang='lat'>20</span> <span class='ocrx_word' id='word_1_155' title='bbox 213 2096 346 2137; x_wconf 88' lang='lat' dir='ltr'>rum</span> <span class='ocrx_word' id='word_1_156' title='bbox 404 2076 457 2137; x_wconf 73' lang='lat' dir='ltr'><strong>X</strong></span> <span class='ocrx_word' id='word_1_157' title='bbox 513 2078 755 2157; x_wconf 89' lang='lat' dir='ltr'>quinos,</span> <span class='ocrx_word' id='word_1_158' title='bbox 816 2077 1248 2155; x_wconf 79' lang='lat' dir='ltr'>oxymyrsineS,</span> <span class='ocrx_word' id='word_1_159' title='bbox 1310 2094 1460 2156; x_wconf 89' lang='lat' dir='ltr'>quae</span> <span class='ocrx_word' id='word_1_160' title='bbox 1518 2093 1694 2155; x_wconf 92' lang='lat' dir='ltr'>scopa</span> <span class='ocrx_word' id='word_1_161' title='bbox 1755 2077 1916 2153; x_wconf 86' lang='lat' dir='ltr'>regia</span> <span class='ocrx_word' id='word_1_162' title='bbox 1976 2084 2237 2159; x_wconf 89' lang='lat' dir='ltr'>vocatur,</span> 
     </span>
     <span class='ocr_line' id='line_1_22' title="bbox 212 2163 2237 2243; baseline 0 -17"><span class='ocrx_word' id='word_1_163' title='bbox 212 2167 342 2227; x_wconf 89' lang='lat' dir='ltr'>suci</span> <span class='ocrx_word' id='word_1_164' title='bbox 389 2166 702 2226; x_wconf 90' lang='lat' dir='ltr'>heminam.</span> <span class='ocrx_word' id='word_1_165' title='bbox 768 2164 926 2226; x_wconf 86' lang='lat' dir='ltr'>Haec</span> <span class='ocrx_word' id='word_1_166' title='bbox 965 2167 1157 2225; x_wconf 89' lang='lat' dir='ltr'>omnia</span> <span class='ocrx_word' id='word_1_167' title='bbox 1198 2173 1444 2225; x_wconf 90' lang='lat' dir='ltr'>contusa</span> <span class='ocrx_word' id='word_1_168' title='bbox 1485 2174 1544 2225; x_wconf 92' lang='lat' dir='ltr'>et</span> <span class='ocrx_word' id='word_1_169' title='bbox 1582 2163 1838 2225; x_wconf 89' lang='lat' dir='ltr'>cribrata</span> <span class='ocrx_word' id='word_1_170' title='bbox 1877 2164 2237 2243; x_wconf 85' lang='lat' dir='ltr'>colliguntur</span> 
     </span>
     <span class='ocr_line' id='line_1_23' title="bbox 211 2253 2234 2334; baseline 0 -20"><span class='ocrx_word' id='word_1_171' title='bbox 211 2273 282 2315; x_wconf 85' lang='lat' dir='ltr'>ex</span> <span class='ocrx_word' id='word_1_172' title='bbox 332 2272 500 2334; x_wconf 85' lang='lat' dir='ltr'>aqua,</span> <span class='ocrx_word' id='word_1_173' title='bbox 547 2255 698 2314; x_wconf 89' lang='lat' dir='ltr'>fiunt</span> <span class='ocrx_word' id='word_1_174' title='bbox 743 2253 961 2333; x_wconf 88' lang='lat' dir='ltr'>pastilli</span> <span class='ocrx_word' id='word_1_175' title='bbox 1008 2253 1377 2332; x_wconf 89' lang='lat' dir='ltr'>singulorum</span> <span class='ocrx_word' id='word_1_176' title='bbox 1424 2254 1825 2333; x_wconf 88' lang='lat' dir='ltr'>denariorum,</span> <span class='ocrx_word' id='word_1_177' title='bbox 1872 2253 2089 2315; x_wconf 89' lang='lat' dir='ltr'>dantur</span> <span class='ocrx_word' id='word_1_178' title='bbox 2133 2253 2234 2315; x_wconf 91' lang='lat' dir='ltr'>lie-</span> 
     </span>
     <span class='ocr_line' id='line_1_24' title="bbox 211 2341 2235 2423; baseline 0 -20"><span class='ocrx_word' id='word_1_179' title='bbox 211 2344 377 2403; x_wconf 90' lang='lat' dir='ltr'>nosis</span> <span class='ocrx_word' id='word_1_180' title='bbox 424 2361 495 2403; x_wconf 87' lang='lat' dir='ltr'>ex</span> <span class='ocrx_word' id='word_1_181' title='bbox 543 2351 710 2403; x_wconf 91' lang='lat' dir='ltr'>aceto</span> <span class='ocrx_word' id='word_1_182' title='bbox 758 2353 818 2403; x_wconf 88' lang='lat' dir='ltr'>et</span> <span class='ocrx_word' id='word_1_183' title='bbox 859 2341 1049 2403; x_wconf 89' lang='lat' dir='ltr'>mellis</span> <span class='ocrx_word' id='word_1_184' title='bbox 1088 2343 1314 2422; x_wconf 89' lang='lat' dir='ltr'>cyathis</span> <span class='ocrx_word' id='word_1_185' title='bbox 1351 2342 1563 2422; x_wconf 74' lang='lat' dir='ltr'>tribnS,</span> <span class='ocrx_word' id='word_1_186' title='bbox 1601 2341 1915 2403; x_wconf 84' lang='lat' dir='ltr'>calculosis</span> <span class='ocrx_word' id='word_1_187' title='bbox 1951 2360 2023 2403; x_wconf 86' lang='lat' dir='ltr'>ex</span> <span class='ocrx_word' id='word_1_188' title='bbox 2061 2362 2235 2423; x_wconf 89' lang='lat' dir='ltr'>passo</span> 
     </span>
     <span class='ocr_line' id='line_1_25' title="bbox 210 2430 2235 2512; baseline 0.001 -21"><span class='ocrx_word' id='word_1_189' title='bbox 210 2434 414 2512; x_wconf 83' lang='lat' dir='ltr'>mixto,</span> <span class='ocrx_word' id='word_1_190' title='bbox 463 2439 748 2511; x_wconf 89' lang='lat' dir='ltr'>quantum</span> <span class='ocrx_word' id='word_1_191' title='bbox 798 2448 1008 2492; x_wconf 90' lang='lat' dir='ltr'>manus</span> <span class='ocrx_word' id='word_1_192' title='bbox 1054 2433 1229 2511; x_wconf 89' lang='lat' dir='ltr'>capit,</span> <span class='ocrx_word' id='word_1_193' title='bbox 1275 2439 1379 2491; x_wconf 87' lang='lat' dir='ltr'>aut</span> <span class='ocrx_word' id='word_1_194' title='bbox 1424 2439 1577 2491; x_wconf 88' lang='lat' dir='ltr'>testa</span> <span class='ocrx_word' id='word_1_195' title='bbox 1618 2430 1919 2491; x_wconf 88' lang='lat' dir='ltr'>auriculae</span> <span class='ocrx_word' id='word_1_196' title='bbox 1957 2434 2235 2493; x_wconf 88' lang='lat' dir='ltr'>marinae.</span> 
     </span>
    </p>
   </div>
   <div class='ocr_carea' id='block_1_3' title="bbox 126 2518 2233 2598">
    <p class='ocr_par' dir='ltr' id='par_1_8' title="bbox 16 2518 2233 2610">
     <span class='ocr_line' id='line_1_26' title="bbox 126 2518 2233 2598; baseline -0 -18.05"><span class='ocrx_word' id='word_1_197' title='bbox 126 2538 180 2580; x_wconf 79' lang='lat'>25</span> <span class='ocrx_word' id='word_1_198' title='bbox 211 2519 383 2590; x_wconf 87' lang='lat' dir='ltr'>Quod</span> <span class='ocrx_word' id='word_1_199' title='bbox 431 2520 927 2581; x_wconf 88' lang='lat' dir='ltr'>medicamentum</span> <span class='ocrx_word' id='word_1_200' title='bbox 976 2520 1149 2580; x_wconf 84' lang='lat' dir='ltr'>datur</span> <span class='ocrx_word' id='word_1_201' title='bbox 1195 2537 1304 2598; x_wconf 89' lang='lat' dir='ltr'>per</span> <span class='ocrx_word' id='word_1_202' title='bbox 1351 2520 1478 2579; x_wconf 89' lang='lat' dir='ltr'>dies</span> <span class='ocrx_word' id='word_1_203' title='bbox 1516 2518 1682 2593; x_wconf 87' lang='lat' dir='ltr'>XLV,</span> <span class='ocrx_word' id='word_1_204' title='bbox 1731 2521 1902 2580; x_wconf 93' lang='lat' dir='ltr'>cuius</span> <span class='ocrx_word' id='word_1_205' title='bbox 1944 2518 2233 2580; x_wconf 88' lang='lat' dir='ltr'>beneficio</span> 
     </span>
    </p>
   </div>
   <div class='ocr_carea' id='block_1_4' title="bbox 126 2606 2340 3307">
    <p class='ocr_par' dir='ltr' id='par_1_9' title="bbox 208 2606 2340 2865">
     <span class='ocr_line' id='line_1_27' title="bbox 208 2606 2234 2688; baseline 0 -20"><span class='ocrx_word' id='word_1_206' title='bbox 208 2611 270 2669; x_wconf 93' lang='lat' dir='ltr'>in</span> <span class='ocrx_word' id='word_1_207' title='bbox 328 2607 609 2669; x_wconf 88' lang='lat' dir='ltr'>harenam</span> <span class='ocrx_word' id='word_1_208' title='bbox 665 2607 977 2669; x_wconf 88' lang='lat' dir='ltr'>solvuntur</span> <span class='ocrx_word' id='word_1_209' title='bbox 1031 2607 1257 2688; x_wconf 89' lang='lat' dir='ltr'>lapides</span> <span class='ocrx_word' id='word_1_210' title='bbox 1313 2608 1376 2667; x_wconf 91' lang='lat' dir='ltr'>in</span> <span class='ocrx_word' id='word_1_211' title='bbox 1435 2609 1663 2668; x_wconf 86' lang='lat' dir='ltr'>vessica</span> <span class='ocrx_word' id='word_1_212' title='bbox 1714 2609 1964 2688; x_wconf 82' lang='lat' dir='ltr'>reperti3</span> <span class='ocrx_word' id='word_1_213' title='bbox 2021 2606 2234 2687; x_wconf 84' lang='lat' dir='ltr'>hydro-</span> 
     </span>
     <span class='ocr_line' id='line_1_28' title="bbox 208 2694 2141 2777; baseline -0.001 -20"><span class='ocrx_word' id='word_1_214' title='bbox 208 2698 359 2777; x_wconf 90' lang='lat' dir='ltr'>picis</span> <span class='ocrx_word' id='word_1_215' title='bbox 407 2704 603 2757; x_wconf 90' lang='lat' dir='ltr'>autem</span> <span class='ocrx_word' id='word_1_216' title='bbox 653 2715 725 2757; x_wconf 86' lang='lat' dir='ltr'>ex</span> <span class='ocrx_word' id='word_1_217' title='bbox 772 2696 950 2757; x_wconf 90' lang='lat' dir='ltr'>mulsi</span> <span class='ocrx_word' id='word_1_218' title='bbox 996 2698 1167 2756; x_wconf 87' lang='lat' dir='ltr'>mixti</span> <span class='ocrx_word' id='word_1_219' title='bbox 1211 2694 1440 2775; x_wconf 83' lang='lat' dir='ltr'>cyathis</span> <span class='ocrx_word' id='word_1_220' title='bbox 1484 2695 1678 2757; x_wconf 89' lang='lat' dir='ltr'>tribus</span> <span class='ocrx_word' id='word_1_221' title='bbox 1725 2696 1985 2757; x_wconf 90' lang='lat' dir='ltr'>dandum</span> <span class='ocrx_word' id='word_1_222' title='bbox 2032 2705 2141 2757; x_wconf 91' lang='lat' dir='ltr'>est.</span> 
     </span>
     <span class='ocr_line' id='line_1_29' title="bbox 389 2783 2340 2865; baseline -0.001 -19"><span class='ocrx_word' id='word_1_223' title='bbox 389 2785 607 2846; x_wconf 89' lang='lat' dir='ltr'>Contra</span> <span class='ocrx_word' id='word_1_224' title='bbox 645 2784 937 2846; x_wconf 84' lang='lat' dir='ltr'>calculum</span> <span class='ocrx_word' id='word_1_225' title='bbox 975 2791 1036 2844; x_wconf 88' lang='lat' dir='ltr'>et</span> <span class='ocrx_word' id='word_1_226' title='bbox 1072 2784 1215 2844; x_wconf 87' lang='lat' dir='ltr'>alias</span> <span class='ocrx_word' id='word_1_227' title='bbox 1249 2783 1632 2845; x_wconf 78' lang='lat' dir='ltr'>difficultates</span> <span class='ocrx_word' id='word_1_228' title='bbox 1660 2787 1921 2845; x_wconf 89' lang='lat' dir='ltr'>vessicae</span> <span class='ocrx_word' id='word_1_229' title='bbox 1951 2784 2234 2865; x_wconf 87' lang='lat' dir='ltr'>lapillum,</span> <span class='ocrx_word' id='word_1_230' title='bbox 2274 2796 2340 2844; x_wconf 69' lang='lat'>12</span> 
     </span>
    </p>

    <p class='ocr_par' dir='ltr' id='par_1_10' title="bbox 209 2871 2234 2953">
     <span class='ocr_line' id='line_1_30' title="bbox 209 2871 2234 2953; baseline -0 -19"><span class='ocrx_word' id='word_1_231' title='bbox 209 2876 314 2953; x_wconf 91' lang='lat' dir='ltr'>qui</span> <span class='ocrx_word' id='word_1_232' title='bbox 359 2876 423 2934; x_wconf 92' lang='lat' dir='ltr'>in</span> <span class='ocrx_word' id='word_1_233' title='bbox 470 2874 778 2952; x_wconf 85' lang='lat' dir='ltr'>gallinacei</span> <span class='ocrx_word' id='word_1_234' title='bbox 825 2875 1051 2933; x_wconf 89' lang='lat' dir='ltr'>vessica</span> <span class='ocrx_word' id='word_1_235' title='bbox 1098 2881 1200 2933; x_wconf 89' lang='lat' dir='ltr'>aut</span> <span class='ocrx_word' id='word_1_236' title='bbox 1243 2875 1305 2932; x_wconf 90' lang='lat' dir='ltr'>in</span> <span class='ocrx_word' id='word_1_237' title='bbox 1343 2871 1605 2951; x_wconf 88' lang='lat' dir='ltr'>palumbi</span> <span class='ocrx_word' id='word_1_238' title='bbox 1646 2872 1972 2934; x_wconf 92' lang='lat' dir='ltr'>ventriculo</span> <span class='ocrx_word' id='word_1_239' title='bbox 2010 2876 2234 2933; x_wconf 88' lang='lat' dir='ltr'>inveni-</span> 
     </span>
    </p>

    <p class='ocr_par' dir='ltr' id='par_1_11' title="bbox 126 2960 2234 3307">
     <span class='ocr_line' id='line_1_31' title="bbox 126 2960 2234 3044; baseline 0 -21"><span class='ocrx_word' id='word_1_240' title='bbox 126 2984 180 3023; x_wconf 82' lang='lat' dir='ltr'>so</span> <span class='ocrx_word' id='word_1_241' title='bbox 208 2971 340 3044; x_wconf 89' lang='lat' dir='ltr'>tur,</span> <span class='ocrx_word' id='word_1_242' title='bbox 397 2965 627 3023; x_wconf 88' lang='lat' dir='ltr'>conteri</span> <span class='ocrx_word' id='word_1_243' title='bbox 683 2970 743 3023; x_wconf 88' lang='lat' dir='ltr'>et</span> <span class='ocrx_word' id='word_1_244' title='bbox 797 2964 1031 3041; x_wconf 85' lang='lat' dir='ltr'>aspergi</span> <span class='ocrx_word' id='word_1_245' title='bbox 1081 2963 1311 3041; x_wconf 91' lang='lat' dir='ltr'>potioni</span> <span class='ocrx_word' id='word_1_246' title='bbox 1355 2961 1614 3039; x_wconf 89' lang='lat' dir='ltr'>prodest.</span> <span class='ocrx_word' id='word_1_247' title='bbox 1698 2960 1846 3023; x_wconf 91' lang='lat' dir='ltr'>Item</span> <span class='ocrx_word' id='word_1_248' title='bbox 1891 2961 2234 3023; x_wconf 88' lang='lat' dir='ltr'>membrana</span> 
     </span>
     <span class='ocr_line' id='line_1_32' title="bbox 208 3049 2233 3129; baseline 0.001 -19"><span class='ocrx_word' id='word_1_249' title='bbox 208 3051 529 3113; x_wconf 88' lang='lat' dir='ltr'>ventriculi</span> <span class='ocrx_word' id='word_1_250' title='bbox 566 3054 694 3112; x_wconf 89' lang='lat' dir='ltr'>eius</span> <span class='ocrx_word' id='word_1_251' title='bbox 732 3052 889 3125; x_wconf 90' lang='lat' dir='ltr'>trita,</span> <span class='ocrx_word' id='word_1_252' title='bbox 927 3051 1103 3110; x_wconf 89' lang='lat' dir='ltr'>fimus</span> <span class='ocrx_word' id='word_1_253' title='bbox 1141 3067 1380 3129; x_wconf 89' lang='lat' dir='ltr'>quoque</span> <span class='ocrx_word' id='word_1_254' title='bbox 1419 3049 1793 3112; x_wconf 89' lang='lat' dir='ltr'>columbinus</span> <span class='ocrx_word' id='word_1_255' title='bbox 1824 3052 1884 3110; x_wconf 93' lang='lat' dir='ltr'>in</span> <span class='ocrx_word' id='word_1_256' title='bbox 1913 3050 2044 3111; x_wconf 88' lang='lat' dir='ltr'>faba</span> <span class='ocrx_word' id='word_1_257' title='bbox 2075 3070 2233 3112; x_wconf 89' lang='lat' dir='ltr'>sum-</span> 
     </span>
     <span class='ocr_line' id='line_1_33' title="bbox 207 3138 2233 3220; baseline -0 -19"><span class='ocrx_word' id='word_1_258' title='bbox 207 3149 374 3220; x_wconf 79' lang='lat' dir='ltr'>ptuS,</span> <span class='ocrx_word' id='word_1_259' title='bbox 431 3142 575 3200; x_wconf 89' lang='lat' dir='ltr'>item</span> <span class='ocrx_word' id='word_1_260' title='bbox 630 3139 862 3218; x_wconf 84' lang='lat' dir='ltr'>glebula</span> <span class='ocrx_word' id='word_1_261' title='bbox 919 3139 991 3199; x_wconf 90' lang='lat' dir='ltr'>de</span> <span class='ocrx_word' id='word_1_262' title='bbox 1053 3138 1192 3198; x_wconf 89' lang='lat' dir='ltr'>nido</span> <span class='ocrx_word' id='word_1_263' title='bbox 1253 3138 1644 3198; x_wconf 88' lang='lat' dir='ltr'>hirundinum</span> <span class='ocrx_word' id='word_1_264' title='bbox 1710 3138 1894 3199; x_wconf 88' lang='lat' dir='ltr'>diluta</span> <span class='ocrx_word' id='word_1_265' title='bbox 1949 3158 2022 3199; x_wconf 84' lang='lat' dir='ltr'>ex</span> <span class='ocrx_word' id='word_1_266' title='bbox 2082 3158 2233 3218; x_wconf 86' lang='lat' dir='ltr'>aqua</span> 
     </span>
     <span class='ocr_line' id='line_1_34' title="bbox 207 3228 889 3307; baseline -0.003 -18"><span class='ocrx_word' id='word_1_267' title='bbox 207 3228 398 3290; x_wconf 89' lang='lat' dir='ltr'>calida</span> <span class='ocrx_word' id='word_1_268' title='bbox 445 3237 580 3307; x_wconf 90' lang='lat' dir='ltr'>pota</span> <span class='ocrx_word' id='word_1_269' title='bbox 629 3228 889 3307; x_wconf 88' lang='lat' dir='ltr'>prodest.</span> 
     </span>
    </p>
   </div>
   <div class='ocr_carea' id='block_1_5' title="bbox 198 3378 2236 3650">
    <p class='ocr_par' dir='ltr' id='par_1_12' title="bbox 198 3378 2236 3650">
     <span class='ocr_line' id='line_1_35' title="bbox 391 3378 2236 3506; baseline -0.001 -71"><span class='ocrx_word' id='word_1_270' title='bbox 391 3388 421 3435; x_wconf 84' lang='lat'>2</span> <span class='ocrx_word' id='word_1_271' title='bbox 472 3380 757 3506; x_wconf 58' lang='lat' dir='ltr'>(laasilinqJ</span> <span class='ocrx_word' id='word_1_272' title='bbox 774 3386 1078 3450; x_wconf 78' lang='lat' dir='ltr'>suspectum</span> <span class='ocrx_word' id='word_1_273' title='bbox 1126 3381 1225 3435; x_wconf 82' lang='lat' dir='ltr'>hoc</span> <span class='ocrx_word' id='word_1_274' title='bbox 1276 3396 1497 3447; x_wconf 75' lang='lat' dir='ltr'>nomen,</span> <span class='ocrx_word' id='word_1_275' title='bbox 1543 3382 1700 3435; x_wconf 78' lang='lat' dir='ltr'>euius</span> <span class='ocrx_word' id='word_1_276' title='bbox 1753 3382 1865 3435; x_wconf 86' lang='lat' dir='ltr'>loco</span> <span class='ocrx_word' id='word_1_277' title='bbox 1911 3378 2236 3433; x_wconf 77' lang='lat' dir='ltr'>Scribonius</span> 
     </span>
     <span class='ocr_line' id='line_1_36' title="bbox 198 3447 2232 3524; baseline -0.004 -15"><span class='ocrx_word' id='word_1_278' title='bbox 198 3457 454 3524; x_wconf 76' lang='lat' dir='ltr'>praestat</span> <span class='ocrx_word' id='word_1_279' title='bbox 492 3451 612 3507; x_wconf 83' lang='lat' dir='ltr'>caii</span> <span class='ocrx_word' id='word_1_280' title='bbox 648 3450 709 3505; x_wconf 89' lang='lat' dir='ltr'>Iu</span> <span class='ocrx_word' id='word_1_281' title='bbox 741 3453 772 3505; x_wconf 87' lang='grc'>”.</span> <span class='ocrx_word' id='word_1_282' title='bbox 953 3459 984 3505; x_wconf 82' lang='grc'>6</span> <span class='ocrx_word' id='word_1_283' title='bbox 1024 3450 1397 3520; x_wconf 84' lang='lat' dir='ltr'>denariorum,</span> <span class='ocrx_word' id='word_1_284' title='bbox 1435 3453 1561 3506; x_wconf 79' lang='lat' dir='ltr'>item</span> <span class='ocrx_word' id='word_1_285' title='bbox 1601 3457 1649 3505; x_wconf 81' lang='lat'>7.</span> <span class='ocrx_word' id='word_1_286' title='bbox 1818 3455 1883 3504; x_wconf 90' lang='grc'>18</span> <span class='ocrx_word' id='word_1_287' title='bbox 1922 3447 2232 3517; x_wconf 81' lang='lat' dir='ltr'>saxifrigae.</span> 
     </span>
     <span class='ocr_line' id='line_1_37' title="bbox 212 3520 2233 3591; baseline -0.002 -12"><span class='ocrx_word' id='word_1_288' title='bbox 212 3530 278 3579; x_wconf 84' lang='lat'>19</span> <span class='ocrx_word' id='word_1_289' title='bbox 327 3524 695 3579; x_wconf 82' lang='lat' dir='ltr'>denariorum.</span> <span class='ocrx_word' id='word_1_290' title='bbox 878 3528 948 3576; x_wconf 82' lang='lat'>26</span> <span class='ocrx_word' id='word_1_291' title='bbox 993 3525 1215 3578; x_wconf 79' lang='lat' dir='ltr'>harena.</span> <span class='ocrx_word' id='word_1_292' title='bbox 1407 3521 1706 3591; x_wconf 81' lang='lat' dir='ltr'>ydropicis.</span> <span class='ocrx_word' id='word_1_293' title='bbox 1887 3525 1955 3574; x_wconf 79' lang='lat'>27</span> <span class='ocrx_word' id='word_1_294' title='bbox 2003 3520 2090 3574; x_wconf 73' lang='lat' dir='ltr'>est,</span> <span class='ocrx_word' id='word_1_295' title='bbox 2133 3536 2233 3574; x_wconf 86' lang='lat' dir='ltr'>om.</span> 
     </span>
     <span class='ocr_line' id='line_1_38' title="bbox 207 3594 1017 3650; baseline -0.001 0"><span class='ocrx_word' id='word_1_296' title='bbox 207 3601 276 3650; x_wconf 79' lang='lat'>32</span> <span class='ocrx_word' id='word_1_297' title='bbox 315 3595 483 3650; x_wconf 88' lang='lat' dir='ltr'>idem.</span> <span class='ocrx_word' id='word_1_298' title='bbox 628 3594 1017 3649; x_wconf 86' lang='lat' dir='ltr'>herundinum.</span> 
     </span>
    </p>
   </div>
  </div>
 </body>
</html>
