2575 4092
999 246 1480 312 —261—

397 408 750 469 Remedium
793 410 1039 470 unicum
1085 418 1147 471 et
1191 409 1354 489 quod
1399 411 1685 471 citissime
1731 413 1966 473 renium
2014 411 2249 474 dolores
2286 424 2355 474 48

216 516 357 559 cum
413 497 800 559 admiratione
853 507 1135 577 persanat
1194 501 1308 561 sic:
1372 498 1653 560 Bitumen
1717 518 1900 580 super
1960 500 2250 563 carbones

214 589 383 648 vivos
428 605 619 666 pones
664 595 725 647 et
770 605 908 667 sago
955 587 1167 666 grandi
1211 588 1284 649 ad
1332 588 1576 649 modum
1622 607 1832 651 caveae
1872 608 1975 650 eos
2012 594 2250 671 operies

215 684 396 756 atque
451 675 574 737 illic
620 678 874 739 interius
921 676 1180 758 nudum,
1233 679 1338 757 qui
1384 679 1621 739 renium
1671 677 1874 739 dolore
1921 679 2251 761 vexabitur,

157 785 187 826 5
219 783 403 844 supra
448 767 613 845 ipsos
659 764 949 826 carbones
985 765 1195 827 sedere
1234 768 1585 849 praecipies,
1630 774 1700 827 ut
1745 767 1945 829 fumus
1980 767 2081 830 ille
2119 786 2251 830 cor-

213 873 333 934 pus
380 856 510 915 eius
555 872 728 916 omne
775 856 1116 916 circumeat.
1199 854 1356 936 Hoc,
1405 857 1459 917 si
1502 873 1749 918 necesse
1795 856 2003 938 fuerit,
2051 865 2112 919 et
2156 866 2250 920 ter

217 944 418 1024 facieS,
464 952 532 1005 ut
577 945 819 1023 penitus
866 951 1127 1005 sanetur.

396 1032 584 1094 Radix
640 1035 912 1112 asparagi
960 1035 1101 1094 trita
1147 1040 1207 1095 et
1253 1052 1393 1095 cum
1440 1036 1575 1095 vino
1621 1041 1763 1113 pota
1808 1033 2045 1095 renitim
2091 1033 2249 1094 dolo·
2286 1046 2355 1095 49

217 1140 347 1183 rem
403 1125 624 1201 optime
679 1121 849 1184 tollit.
933 1121 1125 1185 Ocimi
1180 1141 1364 1184 sucus
1418 1124 1481 1184 in
1538 1122 1677 1183 mali
1731 1125 1963 1202 granati
2026 1126 2250 1185 cortice
2288 1134 2357 1183 60

130 1232 188 1270 10
216 1217 398 1291 potus
431 1210 758 1291 plurimum
796 1211 1042 1273 renibus
1080 1212 1344 1291 prodest.
1404 1211 1510 1273 Fel
1545 1215 1807 1274 irenacei
1844 1230 1980 1274 cum
2009 1230 2249 1291 vesper·
2285 1222 2353 1272 51

217 1299 443 1361 tilionis
491 1300 740 1362 cerebro
778 1309 858 1362 et
903 1301 1115 1361 canino
1161 1300 1314 1363 lacte
1360 1299 1608 1362 renibus
1653 1303 1979 1380 inpositum
2024 1303 2246 1363 mirum

215 1389 481 1468 prodest.
550 1389 750 1468 Adeps
795 1392 1110 1466 anserinus
1157 1408 1295 1451 cum
1343 1390 1608 1451 eiusdem
1648 1389 1898 1452 cerebro
1938 1399 1997 1452 et
2034 1390 2249 1471 butyro
2290 1400 2357 1449 62

217 1487 279 1540 et
326 1477 583 1539 alumine
622 1486 684 1539 et
720 1496 938 1558 oesypo
974 1480 1273 1557 inpositus
1311 1478 1383 1539 ad
1423 1481 1614 1539 ceroti
1650 1478 1893 1540 modum
1929 1480 2254 1540 efficaciter

214 1566 465 1628 renibus
510 1567 773 1646 prodest.

132 1674 189 1715 15
401 1655 648 1719 Stercus
686 1655 1093 1717 columbinum
1130 1658 1341 1717 tritum
1370 1674 1508 1717 cum
1536 1656 1748 1718 hordei
1775 1656 1964 1717 farina
1992 1663 2055 1717 et
2083 1655 2252 1735 adipe
2290 1665 2359 1715 53

219 1744 393 1806 suilla
449 1752 511 1806 et
563 1763 813 1806 ovorum
868 1743 999 1805 albo
1059 1744 1237 1805 simul
1292 1746 1656 1824 permixtum
1720 1753 1782 1807 et
1838 1753 2076 1807 coctum
2133 1763 2252 1806 em-

217 1834 430 1914 plastri
496 1853 660 1895 more
722 1836 1054 1895 rectissime
1112 1833 1359 1894 renibus
1414 1836 1740 1913 inponitur.
1832 1832 1900 1894 In
1957 1832 2251 1913 capitibus
2290 1842 2361 1891 54

216 1925 503 2005 piscium,
557 1923 617 1983 id
675 1931 767 1983 est
820 1922 1133 2001 mugilium
1180 1929 1285 1984 aut
1329 1922 1677 2003 mullorum,
1732 1924 1902 2002 spina
1949 1923 2252 1984 invenitur

218 2014 353 2073 cani
390 2010 601 2073 similis
611 2032 629 2088 3
666 2010 812 2073 haec
851 2011 1097 2073 renibus
1130 2011 1400 2091 adposita
1430 2011 1522 2072 vel
1548 2010 1780 2090 alligata
1807 2013 1962 2072 miro
1990 2011 2254 2072 remedio

133 2120 189 2160 20
219 2108 329 2162 est.
393 2100 676 2179 Plantago
715 2093 788 2161 ex'
826 2100 998 2161 melle
1026 2099 1167 2162 trita
1196 2107 1256 2161 et
1285 2102 1543 2179 inposita
1570 2100 1818 2162 renibus
1849 2101 2049 2161 statim
2077 2100 2254 2180 prod·
2292 2108 2360 2158 65

220 2198 331 2252 est.
406 2189 529 2250 Ova
575 2192 909 2269 saepiarum
957 2192 1018 2250 in
1057 2188 1192 2251 cibo
1232 2196 1469 2269 sumpta
1506 2192 1742 2251 urinam
1778 2196 2019 2250 movent
2064 2197 2124 2251 et
2161 2207 2253 2250 re·
2292 2198 2360 2247 56

145 2352 151 2356 ,
220 2282 388 2340 nium
417 2279 794 2358 gravedinem
822 2278 1057 2341 tollunt.
1119 2277 1287 2341 Inula
1319 2280 1462 2340 trita
1490 2286 1551 2340 et
1579 2297 1714 2340 cum
1744 2280 1866 2340 vini
1894 2277 2123 2359 cyathis
2151 2279 2254 2339 tri·
2293 2286 2360 2336 67

220 2368 336 2429 bus
372 2387 482 2448 per
518 2367 786 2429 triduum
822 2375 959 2447 pota
988 2367 1313 2447 plurimum
1341 2367 1586 2447 prodest
1613 2367 1861 2429 renibus
1888 2367 2254 2446 reparandis.

219 2457 526 2537 Axungiae
572 2459 792 2518 veteris
846 2455 1156 2537 selibram,
1211 2456 1330 2517 olei
1385 2458 1605 2517 veteris
1661 2455 1938 2517 selibram
1996 2458 2255 2517 samsuci
2291 2464 2359 2514 68

134 2563 190 2605 25
222 2545 521 2627 selibram,
562 2552 733 2607 rutae
769 2544 1122 2606 fasciculum
1158 2563 1277 2605 una
1315 2544 1615 2624 decoques
1653 2552 1713 2606 et
1749 2544 1943 2606 lanam
1978 2544 2065 2605 ibi
2100 2546 2255 2607 suci·

222 2635 358 2696 dam
402 2637 643 2714 tingues
688 2653 756 2695 ac
802 2633 1051 2695 renibus
1097 2635 1553 2715 superinponeS,
1599 2636 1750 2695 mire
1797 2633 2135 2696 subvenies·

399 2723 490 2785 Ad
536 2725 800 2785 vessicae
848 2723 1085 2784 dolores
1145 2731 1206 2784 et
1239 2717 1602 2802 'stranguria
1658 2722 1865 2785 cardui
1920 2741 2126 2784 semen
2182 2741 2255 2784 ex
2292 2729 2359 2779 59

219 2815 343 2875 vini
391 2814 664 2874 sextariis
711 2811 946 2874 duobus
990 2830 1186 2892 usque
1233 2812 1306 2872 ad
1353 2811 1649 2872 heminam
1696 2812 2012 2873 decoctum
2059 2818 2121 2871 et
2157 2829 2253 2871 ex-

218 2920 498 2982 pressum
554 2909 732 2982 atque
790 2901 1048 2963 colatum
1094 2902 1382 2980 potuique
1428 2902 1628 2962 ieiuno
1678 2900 1881 2961 datum
1927 2899 2252 2980 plurimum

136 3009 190 3049 so
218 2991 484 3071 prodest.
575 2990 816 3052 Plantae
871 2998 1148 3051 rutaceae
1215 2998 1276 3051 et
1341 2997 1589 3068 nepetae
1655 2989 1887 3051 radices
1953 2988 2253 3069 bacaeque
2292 2998 2361 3048 60

219 3079 458 3142 laureae
503 3082 568 3140 in
613 3097 754 3140 vaso
798 3079 967 3141 fictili
1006 3085 1251 3159 coperto
1291 3077 1608 3158 diligenter
1636 3086 1859 3159 coctae,
1903 3096 1979 3140 ne
2008 3080 2097 3140 vis
2133 3098 2254 3140 me·

219 3169 542 3233 dicamenti
598 3177 859 3244 emanet,
916 3170 1090 3247 potui
1146 3167 1390 3247 dantur,
1445 3169 1527 3228 ita
1581 3175 1650 3229 ut
1703 3170 1874 3247 prius
1931 3185 2249 3247 expressae

218 3258 520 3339 colentur,
574 3257 928 3318 mirabiliter
981 3258 1244 3318 vessicae
1292 3255 1599 3318 doloribus
1645 3267 1918 3335 prosunt.
1999 3254 2251 3337 Herbae,
2289 3265 2355 3314 61

402 3418 432 3466 1
470 3428 661 3466 unum.
825 3417 857 3465 9
897 3409 1104 3466 cortice
1142 3411 1372 3481 scripsi.-
1409 3408 1691 3466 corticem.
1860 3414 1926 3465 10
1961 3410 2254 3465 irenascei.

223 3490 289 3539 13
330 3482 568 3553 oesypo]
606 3482 844 3553 hysopo.
1002 3486 1068 3538 18
1104 3482 1381 3553 mugilum
1421 3480 1743 3537 Carnarius.
1890 3486 1958 3535 22
1996 3479 2255 3550 gravedi-

218 3556 418 3610 tatem.
637 3559 704 3608 23
742 3550 994 3609 tridium.
1211 3558 1280 3607 25
1316 3553 1609 3607 faseolum.
1819 3555 1886 3606 27
1928 3550 2253 3621 sti-angulis.

219 3631 288 3681 31
326 3624 593 3681 lam-icae.
736 3623 848 3694 vis]
887 3641 1029 3680 cum.
