2575 4092
961 217 1450 282 *125—

196 381 410 441 Graeci
466 379 788 458 appellant:
871 380 1137 458 Ligustri
1191 379 1330 440 folia
1385 381 1874 442 commanducato
1928 382 2227 461 sinitoque

38 429 138 483 ΜΕ
196 471 365 548 egeri
399 471 676 548 pituitam
715 468 893 529 saliva
930 471 1249 548 inritatam,
1288 487 1439 548 quae
1477 469 1618 530 dum
1656 469 1845 531 hianti
1880 487 1985 529 ore
2015 470 2226 531 decur-

38 521 138 657 wei}
194 562 296 639 rit,
344 557 515 618 dolor
562 558 809 619 desinet.
876 557 1016 618 Sine
1065 556 1267 618 dolore
1315 565 1514 618 autem
1562 560 1665 638 qui
1711 560 1839 619 cavi
1887 566 1950 620 ct
1985 558 2228 620 inutiles

38 622 138 754 ξω
194 654 342 708 sunt
399 645 677 707 decident
722 646 1113 707 medicamine
1158 644 1290 707 tali:
1361 644 1594 726 Piperis
1640 665 1822 726 grana
1869 665 2118 709 numero
2163 647 2229 728 V,

44 784 73 842 ri
97 755 168 835 ἆειιε
197 734 386 815 gallae
423 743 486 796 et
512 734 747 814 galbani
781 742 844 795 et
870 735 1145 796 afronitri
1171 734 1418 814 aequale
1446 735 1681 814 pondus
1709 736 1781 797 ad
1809 734 1977 797 fabae
2005 739 2228 815 magni-

38 805 54 908 f.
80 872 132 920 ..f
194 823 471 885 tudinem
508 842 627 884 una
664 824 998 884 contundes
1039 831 1100 884 et
1137 825 1407 884 contusis
1443 824 1560 884 mel
1599 823 1954 886 admiscebis
1991 832 2053 886 et
2090 824 2228 886 sub·

39 888 132 1013 Μῦς
196 916 346 993 igeS‚
393 913 582 974 donec
628 911 865 991 redigas
911 912 984 973 ad
1032 929 1204 974 cerae
1255 911 1693 992 lentitudinem,
1739 931 1930 993 eoque
1975 913 2229 975 medica-

38 976 98 1024 ⁰⁶
192 1009 402 1063 mento
451 1001 690 1062 dentem
737 1018 947 1062 cavum
993 1011 1053 1063 et
1100 1000 1395 1062 dolentem
1444 1001 1718 1082 implebis
1772 1004 1881 1082 ita,
1937 1010 2006 1064 ut
2060 1005 2230 1082 prius

126 1085 132 1094 ²
193 1108 340 1151 eum
387 1089 574 1150 calida
611 1090 828 1170 foveas,
876 1092 1004 1150 sine
1044 1090 1247 1150 dolore
1286 1090 1536 1151 excidet.
1603 1091 1692 1152 Ad
1731 1091 1941 1153 dentes
1979 1091 2230 1153 mobiles
2266 1105 2336 1155 42

38 1149 165 1270 emp
194 1189 261 1241 et
308 1177 581 1239 dolentes
628 1186 689 1239 et
724 1180 1097 1258 gingivarum
1133 1187 1431 1240 tumorem
1467 1180 1799 1241 remedium
1838 1182 1953 1243 sic:
1998 1179 2231 1242 Cornus

193 1269 433 1329 cervini
479 1267 776 1329 combusti
825 1300 902 1311 —
953 1266 1036 1346 ΙΙ,
1089 1267 1217 1328 folii
1263 1260 1343 1354 9-
1380 1267 1432 1348 1,
1489 1267 1628 1328 salis
1672 1270 2022 1331 ammoniaci
2070 1261 2150 1356 ,9-
2188 1267 2233 1348 Ι,

191 1358 428 1436 piperis
465 1374 646 1435 grana
684 1355 859 1437 VIIII,
896 1358 1002 1416 iris
1040 1355 1306 1436 Illyricae
1346 1348 1426 1443 ,9-
1456 1355 1638 1437 vl1113
1686 1376 1757 1418 ex
1794 1357 1889 1418 his
1926 1358 2231 1438 pulverem

190 1447 622 1506 tenuissimum
678 1445 859 1505 facies
916 1453 977 1505 et
1028 1463 1097 1505 eo
1147 1445 1355 1505 dentes
1403 1445 1645 1506 cottidie
1704 1445 2074 1524 perfricabis.
2167 1446 2233 1508 Si

190 1533 455 1595 mobiles
503 1542 684 1594 erunt
728 1542 790 1594 et
827 1533 1133 1612 dolebunt,
1181 1532 1353 1594 facile
1391 1533 1606 1594 cadent
1653 1542 1714 1594 et
1759 1537 1808 1594 si
1857 1535 1987 1596 sine
2026 1533 2229 1595 dolore

189 1622 380 1684 validi
426 1632 591 1702 sunt,
652 1622 1164 1683 confirmabuntur
1219 1630 1281 1683 et
1336 1621 1709 1683 candidiores
1756 1630 1818 1683 et
1862 1622 2231 1684 odoratiores

103 1761 112 1777 „
189 1719 408 1791 erunt3
457 1711 669 1772 melius
716 1719 915 1772 autem
960 1711 1305 1791 proficient,
1362 1712 1416 1770 si
1469 1712 1532 1771 in
1578 1712 1876 1772 iuncturis
1922 1720 2025 1772 aut
2079 1710 2232 1772 radi-

55 1859 78 1885 „
113 1809 120 1860 ’.
187 1799 376 1863 cibus
423 1808 525 1861 aut
570 1802 866 1861 cavaturis
913 1817 1120 1861 eorum
1169 1800 1241 1860 de
1288 1799 1402 1859 hoc
1449 1800 1579 1879 ipso
1627 1799 1965 1861 dentifricio
2008 1800 2232 1879 aliquid

38 1865 120 1970 ”55¹
185 1889 512 1951 resederit.
594 1888 883 1949 Ramenta
938 1906 1159 1950 cornus
1211 1889 1440 1949 cervini
1483 1887 1578 1949 vel
1628 1888 1870 1949 scobem
1918 1890 2047 1949 eius
2093 1888 2231 1949 lima
2270 1902 2338 1951 43

54 1962 110 2066 59}
186 1980 420 2039 factam
466 1995 604 2038 cum
649 1979 785 2038 vino
833 1985 1035 2038 vetere
1082 1976 1154 2037 ad
1201 1978 1410 2038 tertias
1457 1995 1647 2055 coque
1695 1985 1756 2038 et
1804 1976 1943 2038 inde
1986 1976 2232 2038 adsidue

38 2046 156 2152 ”³¹wa
188 2086 273 2129 os
311 2064 461 2146 elue,
508 2068 658 2127 mire
696 2066 964 2145 proderit
1001 2064 1371 2126 roborandis,
1441 2064 1754 2127 Portulaca
1792 2066 2038 2127 adsidue
2077 2085 2233 2126 com·
2271 2081 2340 2128 44

54 2125 98 2183 ¹³⁰*
184 2155 558 2218 manducata
604 2156 924 2216 stridorem
971 2154 1242 2216 dentium
1291 2153 1462 2215 tollit.
1554 2155 1890 2215 Africanam
1944 2155 2235 2234 sfongiam
2272 2168 2340 2218 45

54 2221 104 2284 ΒΨ
187 2242 457 2306 siccabis
513 2251 576 2303 et
629 2243 761 2305 lana
817 2243 1078 2304 involves
1136 2252 1314 2322 atque
1366 2242 1504 2304 inde
1552 2245 1812 2305 radicem
1860 2244 2053 2305 dentis
2101 2262 2234 2323 per·

38 2315 98 2392 W*
184 2331 468 2412 fricabiS‚
507 2332 611 2392 sed
652 2351 810 2413 cave,
846 2350 923 2393 ne
962 2332 1141 2393 alium
1180 2350 1290 2412 pro
1319 2331 1432 2392 alio
1461 2341 1684 2411 tangas.
1747 2332 1894 2394 Nam
1924 2341 2235 2394 contactus

38 2401 96 2505 nr}
182 2429 342 2503 post
380 2421 647 2482 triduum
684 2421 880 2499 cadet3
918 2423 971 2480 si
1008 2423 1166 2481 enim
1203 2420 1449 2499 putidus
1486 2421 1670 2482 fuerit
1706 2429 1768 2482 et
1795 2421 2035 2502 dolebit,
2064 2421 2234 2481 facile

38 2503 150 2618 Πὲμ
187 2508 460 2573 excidet.
544 2508 694 2570 Cum
738 2512 1000 2588 primum
1046 2508 1428 2570 hirundinem
1476 2508 1722 2590 videriS‚
1778 2510 2004 2571 tacebis
2056 2519 2115 2570 et
2161 2510 2233 2570 ad
2273 2524 2339 2572 4ss

38 2591 50 2631 ⁵
87 2613 90 2614 ’
181 2617 420 2679 aquam
466 2598 713 2658 nitidam
761 2598 1009 2660 accedes
1058 2606 1235 2677 atque
1272 2596 1411 2657 inde
1448 2600 1511 2658 in
1550 2617 1618 2659 os
1655 2607 1825 2659 tuum
1864 2601 2089 2678 mittes3
2137 2597 2235 2658 de-

59 2677 82 2786 π’
178 2688 347 2751 inde
393 2687 578 2766 digito
626 2687 948 2766 obscoeno,
1007 2687 1068 2747 id
1127 2695 1220 2746 est
1272 2687 1497 2767 medio,
1555 2696 1674 2747 tam
1729 2705 1941 2748 manus
1990 2687 2234 2747 dextrae

59 2785 80 2856 f*
184 2793 387 2858 quam
433 2778 707 2836 sinistrae
757 2777 964 2837 dentes
1012 2774 1253 2836 fricabis
1292 2783 1352 2835 et
1390 2775 1579 2837 dices:
1625 2774 1895 2837 Hirundo
1934 2775 2045 2836 tibi
2082 2776 2238 2853 dico,

39 2857 68 2951 f}
182 2863 506 2947 quomodo
553 2864 669 2925 hoc
715 2867 777 2926 in
823 2874 1021 2925 rostro
1069 2866 1292 2924 iterum
1337 2881 1458 2924 non
1503 2867 1644 2943 erit,
1700 2866 1787 2925 sic
1832 2864 1981 2925 mihi
2025 2863 2236 2924 dentes

41 2952 145 3034 “fao
183 2973 329 3018 non
379 2952 617 3014 doleant
662 2961 787 3014 toto
835 2971 1007 3015 anno.
1083 2952 1307 3013 lterum
1354 2951 1534 3013 alium
1579 2972 1799 3015 aunum
1846 2962 1909 3014 et
1953 2954 2236 3032 deinceps

38 3035 64 3072 a*
179 3041 600 3123 sequentibus
639 3043 912 3103 similiter
949 3042 1149 3122 facies,
1187 3044 1238 3101 si
1275 3039 1534 3102 volueris
1564 3043 1814 3103 remedii
1849 3042 2028 3103 huius
2067 3050 2236 3121 quot-

39 3124 46 3132 ’
177 3133 381 3196 annis
418 3149 657 3192 manere
705 3131 1076 3192 beneficium.
1150 3128 1395 3191 Cocleas
1441 3139 1736 3192 nostrates
1772 3133 2032 3192 minutas
2060 3133 2239 3191 etiam
2274 3145 2340 3193 47

38 3205 62 3274 ‘²³³
176 3228 419 3285 inanes
475 3219 685 3299 collige
742 3228 802 3280 et
856 3222 919 3279 in
975 3220 1259 3279 mortario
1321 3236 1652 3280 marmoreo
1713 3220 2030 3299 diligenter
2091 3227 2236 3300 tere,

38 3313 58 3336 w

38 1339 68 1382 m
87 1327 122 1392 pff.

38 1439 42 1472 l
69 1406 122 1466 dle

38 1513 80 1559 &es
95 1506 120 1549 τῦ

38 2665 78 2720 ,τε

53 3431 54 3446 ἢ
280 3416 287 3423 .
358 3378 385 3425 1
434 3371 610 3427 Verba
645 3371 894 3442 Ligustri
930 3370 1070 3426 folia.
1105 3387 1274 3441 usque
1310 3373 1385 3427 ad
1421 3372 1581 3427 dolor
1619 3371 1842 3427 desinet
1868 3373 2044 3441 paulo
2080 3372 2240 3437 infra

39 3451 56 3522 ς’
157 3450 332 3522 post
367 3444 534 3497 verba
571 3443 688 3497 sine
727 3443 921 3497 dolore
959 3441 1179 3497 excidet
1215 3443 1478 3497 collocata
1513 3448 1645 3497 sunt
1679 3446 1744 3498 in
1778 3445 1972 3498 codice.
2087 3447 2153 3495 14
2191 3443 2239 3496 si

169 3520 340 3576 amte
386 3513 506 3568 sine
555 3530 655 3568 om.
869 3519 939 3567 20
986 3514 1262 3583 poi-cacia.
1481 3518 1550 3566 21
1599 3512 1946 3584 Africanam]
1995 3513 2239 3582 aspagis.

172 3593 278 3647 25
318 3582 703 3651 harundinem,
740 3586 866 3639 item
902 3590 989 3640 28.
