2575 4092
251 856 321 907 81

292 2804 329 2853 2

1124 234 1607 300 —328—

353 402 730 478 siccatosque
759 417 827 460 ac
855 406 1068 460 tunsos
1095 399 1187 460 vel
1225 397 1461 459 molitos
1499 416 1637 459 cum
1673 395 1808 458 felle
1844 397 2083 458 taurino
2111 396 2206 457 vel
2234 398 2389 457 vitu·

355 489 477 550 lino
506 487 785 549 miscebis
813 495 873 549 et
901 488 1141 567 subiges
1179 494 1240 548 et
1274 505 1385 567 pro
1424 486 1770 565 malagmate
1800 484 1873 548 ad
1901 487 2089 546 imum
2114 493 2383 546 ventrem

356 576 432 638 ab
468 575 750 637 umbilico
788 576 1068 638 deorsum
1103 594 1316 638 versus
1352 578 1620 656 inpones,
1683 573 1831 636 Nam
1878 576 1931 634 si
1977 592 2160 653 super
2197 573 2383 635 umbi·

357 665 542 727 licum
588 666 944 748 inposueris,
990 671 1226 726 stercus
1271 683 1447 726 omne
1494 682 1735 725 sursum
1771 662 2021 744 vocabit,
2059 665 2382 742 inpositum

360 761 558 816 autem
590 752 870 816 deorsum
894 772 1107 815 versus
1134 762 1194 815 et
1221 752 1401 814 bilem
1430 752 1701 814 detrahet
1729 760 1791 813 et
1816 754 2091 831 pituitam
2117 751 2382 813 deducet.
2404 771 2426 811 ⁵

542 841 708 905 Sales
744 843 1057 904 cathartici
1092 844 1222 904 sine
1259 841 1549 904 stomachi
1584 843 1820 923 iniuria,
1856 849 1925 901 ut
1961 857 2074 901 nec
2105 843 2385 901 intestina

360 930 617 1013 doleant,
664 934 1039 1011 accipiuntur
1085 949 1194 993 seu
1235 932 1300 992 in
1335 930 1585 1012 prandio
1623 948 1761 991 cum
1797 947 1936 991 esca
1971 947 2078 989 seu
2113 931 2181 989 in
2217 946 2387 1009 cena3

360 1022 416 1081 si
469 1027 670 1082 autem
723 1022 959 1082 ieiunus
1013 1020 1301 1103 volueris,
1361 1037 1498 1081 cum
1559 1018 1752 1080 mulso
1808 1019 2064 1097 accipies
2119 1018 2386 1080 cocleare

359 1108 623 1189 plenum.
686 1108 1119 1188 Conponuntur
1155 1110 1270 1170 sic:
1309 1107 1462 1169 Salis
1498 1108 1849 1168 ammoniaci
1875 1139 1961 1150 —
1989 1105 2033 1188 1,
2069 1106 2387 1187 zingiberis

361 1200 509 1259 sicci
561 1229 637 1240 —-
679 1197 731 1274 Ι,
787 1196 995 1257 lasaris
1051 1196 1268 1258 radicis
1320 1230 1398 1241 —
1440 1195 1494 1278 Ι,
1549 1198 1882 1257 scamoniae
1926 1228 2016 1239 -
2052 1194 2105 1277 1,
2164 1196 2388 1276 piperis
2411 1215 2453 1253 ιο

359 1318 448 1330 —-
485 1285 530 1365 Ι,
577 1284 823 1346 feniculi
859 1287 1104 1346 seminis
1146 1317 1222 1330 -
1264 1286 1320 1367 13
1365 1293 1527 1347 teres
1566 1287 1762 1346 omnia
1799 1291 1859 1345 et
1896 1283 2203 1365 criblabis3
2250 1301 2388 1344 sane

360 1392 500 1435 cum
562 1372 852 1454 volueris,
906 1381 976 1435 ut
1027 1374 1438 1436 vehementius
1484 1380 1742 1456 moveat,-
1788 1368 2075 1455 [cocliaria
2130 1371 2250 1433 duo
2298 1390 2388 1432 ac·

360 1464 542 1543 cipiat
589 1464 694 1543 qui
738 1462 853 1524 alvi
898 1463 1247 1525 difficultate
1295 1462 1692 1542 torquebitur.

1118 1643 1127 1654 ’
1172 1656 1331 1720 cAP.
1377 1656 1586 1718 xxxi.

360 1769 473 1826 Ad
537 1768 649 1825 ani
701 1769 867 1826 vitia.
930 1773 1000 1826 et
1062 1770 1329 1826 fistulas
1390 1769 1656 1839 podicis
1711 1771 1780 1825 et
1831 1767 2393 1825 haemorrhoidas

522 1858 825 1915 remedia.
877 1858 1162 1928 physica
1218 1861 1290 1914 et
1342 1857 1769 1914 rationabilia.
1822 1858 2093 1913 diversa.
2147 1858 2234 1913 de

1128 1947 1627 2017 experimentis.

545 2083 760 2163 Lipara
797 2082 869 2144 ad
906 2085 1319 2162 intertrigines
1354 2090 1414 2144 et
1450 2084 1960 2163 exasperationem
2002 2090 2065 2144 et
2099 2090 2396 2144 tumorem

369 2175 469 2233 ani
524 2173 774 2232 mirifica
832 2174 948 2233 sic:
1012 2172 1269 2251 Spumae
1317 2178 1630 2252 argenteae
1676 2171 1739 2234 P.
1778 2170 1857 2253 11,
1903 2189 2182 2233 cerussae
2229 2170 2294 2233 P.
2330 2170 2399 2253 11,
2423 2189 2468 2230 15

370 2261 528 2321 turis
574 2258 816 2339 pollinis
862 2258 924 2321 P.
963 2259 1034 2341 ΙΙ,
1081 2259 1358 2321 aluminis
1404 2260 1530 2322 fissi
1566 2259 1629 2322 P.
1657 2260 1701 2342 1,
1748 2261 1940 2339 adipis
1986 2258 2194 2322 suillae
2231 2278 2399 2320 ener-

372 2356 541 2410 vatae
579 2354 820 2409 curatae
858 2347 921 2409 P.
959 2347 1029 2431 11,
1066 2350 1188 2409 vini
1225 2351 1449 2410 austeri
1483 2351 1706 2410 veteris
1742 2346 1805 2410 θ
1834 2349 1861 2409 Ι
1889 2348 1950 2431 S,
1985 2367 2159 2410 rosae
2192 2346 2255 2409 θ
2285 2349 2312 2409 Ι
2341 2348 2398 2429 S,

372 2437 491 2498 olei
548 2436 756 2497 viridis
802 2436 865 2499 P.
906 2436 964 2498 S.
1048 2436 1291 2498 Teritur
1348 2456 1557 2518 spuma
1613 2445 1675 2498 et
1720 2456 1989 2517 cerussa,
2043 2437 2282 2499 alumen
2328 2456 2398 2498 ex

371 2529 510 2586 vino
564 2525 838 2608 diluitur3
895 2526 1109 2587 deinde
1165 2526 1421 2588 adicitur
1476 2534 1574 2588 tus
1628 2528 1692 2587 in
1741 2526 2048 2606 pulverem
2092 2525 2398 2588 redactum

371 2623 435 2676 et
471 2632 609 2676 cum
647 2616 907 2694 primum
944 2615 1090 2675 haec
1127 2614 1276 2675 levia
1313 2614 1466 2675 bene
1505 2615 1746 2691 fuerint,
1784 2614 1978 2676 oleum
2018 2622 2079 2676 et
2104 2617 2310 2676 vinum
2341 2623 2398 2676 et
2421 2633 2467 2673 20

373 2703 610 2784 adipem
646 2702 1024 2783 liquefactam
1062 2721 1199 2765 cum
1236 2721 1373 2763 rosa
1412 2721 1592 2783 supra
1624 2705 1848 2785 scripta
1872 2706 2119 2764 misceri
2144 2711 2396 2784 oportet.

549 2791 764 2871 Lipara
801 2792 934 2853 rufa
971 2793 1111 2853 facit
1148 2792 1221 2853 ad
1258 2793 1506 2853 fissuras
1543 2794 1658 2875 ani,
1696 2811 1842 2871 quas
1869 2791 2159 2872 rhagadas
2188 2792 2397 2853 Graeci

368 2881 596 2961 dicunt,
644 2880 849 2942 eadem
897 2880 968 2941 ad
1017 2899 1224 2942 omnes
1272 2881 1539 2941 eiusdem
1585 2883 1773 2959 partis
1820 2880 2293 2942 exulcerationes
2338 2888 2395 2940 et

365 2972 508 3030 vitia
566 2970 794 3031 diutina
850 2969 1003 3030 bene
1060 2969 1226 3052 facit,
1283 2971 1498 3049 accipit
1544 2969 1716 3031 haec:
1778 2970 2035 3049 Spumae
2082 2977 2392 3048 argenteae

365 3056 418 3116 X
475 3056 631 3137 XVI,
695 3060 876 3119 misui
941 3060 1064 3119 usti
1120 3058 1172 3118 X
1217 3057 1320 3139 VI,
1384 3059 1618 3118 resinae
1678 3057 2115 3120 terebinthinae
2170 3057 2225 3117 X
2270 3056 2391 3137 xli,
2415 3073 2460 3115 2⁵

365 3164 539 3208 cerae
586 3145 638 3205 X
677 3145 776 3230 vl,
823 3165 1099 3207 cerussae
1149 3146 1200 3207 X
1245 3145 1400 3228 XVI,
1448 3146 1779 3208 chalcitidis
1826 3153 1996 3207 ustae
2042 3146 2095 3206 X
2132 3146 2235 3227 Vl,
2283 3146 2393 3207 olei

364 3236 582 3316 myrtei
618 3233 680 3296 P.
720 3234 762 3297 Ι.
836 3235 1045 3297 Omnia
1093 3235 1414 3316 diligenter
1460 3243 1738 3297 teruntur
1785 3253 1922 3297 cum
1968 3235 2085 3296 olei
2129 3234 2389 3316 pondere

542 3395 578 3444 4
614 3388 858 3446 vocauit.
1005 3393 1037 3442 5
1077 3388 1320 3444 deducit.
1459 3395 1489 3444 7
1529 3404 1656 3443 cum
1695 3404 1824 3444 esca
1860 3393 1960 3444 1m
1996 3390 2248 3445 comesta.
2280 3392 2390 3446 2m.

366 3463 434 3514 10
470 3459 734 3514 radicem.
881 3460 1182 3516 scamonia.
1332 3465 1398 3514 11
1437 3476 1643 3516 semen.
2341 3489 2346 3492 ·

542 3532 627 3586 tit.
665 3531 1102 3586 aemorhoditas.

510 3605 579 3654 14
612 3600 814 3670 lypara
848 3607 900 3658 et
933 3603 1014 3658 sic
1046 3603 1161 3670 fere
1185 3618 1404 3672 semper.
1508 3607 1577 3657 25
1604 3600 1995 3658 terebintinae.
2088 3607 2158 3658 2⁷
2187 3601 2386 3659 mirtei.

2525 573 2526 662 ἰ

2521 779 2526 810 l

2525 839 2528 910 ἰ
