2575 4092
1097 277 1173 288 —-
1272 240 1580 305 308-

215 419 281 468 14
321 405 455 485 quis
501 402 712 483 laqueo
758 406 937 464 vitam
974 404 1213 465 finierit.
1281 402 1490 464 Colum
1526 407 1695 463 sanat
1732 418 1869 461 cum
1907 400 2108 478 pinnis
2144 415 2357 476 upupa

319 500 527 554 exusta
564 499 626 553 et
664 511 733 553 ex
774 495 911 553 vino
949 493 1101 554 cinis
1139 495 1269 554 eius
1306 493 1477 571 potui
1510 491 1712 571 datus3
1748 486 2138 549 hirundinum
2168 488 2357 546 etiam

319 589 553 643 stercus
590 583 654 641 in
692 580 826 642 cibo
863 580 955 642 vel
992 583 1053 642 in
1091 589 1239 661 potu
1276 590 1582 659 sumptum
1615 578 1829 641 tribuit
1856 576 1986 639 colo
2017 577 2356 637 sanitatem.

219 682 286 733 16
500 669 628 730 Hoc
674 669 1007 732 antidotum
1050 672 1173 731 sive
1211 671 1577 749 oxyporium‚
1625 666 1785 748 quod
1823 664 2074 744 bufagos
2108 664 2357 747 dicitur,

320 759 460 819 facit
527 758 600 819 ad
669 759 786 819 coli
845 758 1179 821 inflationes
1235 767 1298 820 et
1351 757 1424 819 ad
1484 757 1903 836 digestionem,
1961 753 2121 815 unde
2177 772 2357 815 mane
2387 769 2418 811 5

318 849 558 908 ieiunus
616 850 874 928 accipies
929 850 1222 927 catapotia
1273 848 1388 908 tria
1433 845 1845 924 magnitudine
1892 844 2061 922 grani
2106 843 2356 921 piperis,
2409 846 2414 850 ’

320 935 651 1000 Conficitur
695 938 809 998 sic:
880 934 1143 1016 Nepetae
1202 965 1271 982 —
1314 934 1422 1014 111,
1466 934 1631 1014 pulei
1674 935 1894 995 veteris
1943 965 2021 975 -
2064 930 2163 1012 111,
2208 931 2360 1011 liby-

323 1026 461 1085 stici
508 1027 753 1086 seminis
795 1058 874 1069 —
913 1024 1040 1106 1111,
1086 1023 1424 1104 petrosilini
1465 1056 1541 1066 —
1584 1023 1628 1103 1,
1674 1025 1795 1102 apii
1840 1022 2084 1083 seminis
2120 1053 2208 1063 —
2235 1021 2266 1080 I
2299 1021 2360 1101 S,

317 1113 507 1193 thymi
558 1146 634 1157 —-
675 1113 703 1174 1
711 1161 730 1194 ‚
784 1115 1010 1192 piperis
1063 1146 1138 1157 —
1180 1112 1283 1193 vl,
1339 1112 1531 1173 mellis
1586 1113 1799 1192 optimi
1851 1129 1973 1173 non
2018 1109 2362 1188 despumati

321 1201 479 1280 quod
536 1202 796 1263 sufficiat
849 1201 922 1262 ad
979 1200 1497 1280 concorporandas
1548 1209 1608 1262 et
1654 1199 2071 1281 temperandas
2117 1201 2357 1277 species
2389 1218 2446 1257 10

318 1289 613 1351 adicietur
658 1297 720 1350 et
765 1291 829 1350 in
874 1289 1032 1350 dolio
1079 1292 1269 1351 vitreo
1309 1290 1602 1351 condetur
1640 1289 1752 1351 sub
1791 1287 2094 1367 signaculo
2130 1287 2359 1349 haben-

319 1377 481 1459 dum,
511 1380 667 1440 sicut
693 1396 1125 1459 usquequaque
1155 1378 1365 1440 haberi
1392 1378 1613 1440 debent
1640 1381 1920 1440 universa
1945 1376 2358 1438 medicamina.

216 1480 280 1528 16
496 1466 587 1527 Ad
634 1466 793 1528 ileon
840 1466 934 1528 vel
979 1467 1176 1529 colum
1222 1467 1401 1528 bacas
1446 1467 1596 1528 lauri
1645 1476 1780 1529 octo
1828 1466 2107 1528 concides
2153 1473 2214 1526 et
2257 1484 2358 1526 co·

328 1573 476 1636 ques
522 1557 585 1616 in
633 1557 756 1617 vini
802 1556 1109 1617 subdulcis
1155 1555 1386 1636 cyathis
1432 1556 1626 1618 tribus
1672 1565 1733 1617 et
1779 1555 2128 1617 calefactum
2170 1573 2241 1615 ex
2284 1572 2358 1615 eo

223 1657 287 1707 17
326 1644 608 1723 poculum
646 1646 847 1706 ieiuno
884 1644 1210 1706 bibendum
1246 1645 1433 1706 dabis.
1493 1644 1667 1707 Croci
1697 1638 1776 1732 9
1805 1643 1877 1725 11,
1912 1661 2145 1724 myrrae
2175 1635 2254 1729 9
2288 1642 2360 1722 11,
2388 1658 2445 1700 ιε

326 1735 446 1812 opii
486 1725 565 1819 9
604 1732 657 1814 13
705 1734 934 1813 singula
974 1752 1244 1814 quaeque
1283 1742 1444 1795 teres
1482 1737 1798 1813 separatim
1837 1741 1899 1794 et
1932 1739 2140 1811 postea
2178 1731 2360 1792 simul

324 1829 529 1900 parata
581 1824 645 1881 in
701 1841 854 1902 aqua
909 1822 1192 1884 miscebis
1246 1831 1425 1902 atque
1475 1824 1539 1883 in
1585 1823 1828 1884 modum
1874 1821 2040 1883 fabae
2086 1820 2359 1900 pastillos

327 1909 516 1970 factos
580 1912 644 1970 in
710 1927 888 1973 anum
944 1913 1182 1987 inicies‚
1241 1914 1392 1972 mire
1449 1911 1578 1972 colo
1633 1909 2016 1973 remediando
2070 1908 2360 1988 proderit.

220 2011 286 2061 18
325 1997 634 2060 Satureiae
682 1998 956 2061 surculos
993 1999 1047 2060 X
1084 1999 1255 2062 tolles
1302 2000 1496 2062 tribus
1542 1999 1762 2080 digitis,
1808 2005 2084 2061 conteres
2121 2005 2184 2058 et
2216 1999 2360 2058 vino

321 2087 569 2149 Amineo
618 2089 853 2149 sincero
899 2091 1116 2150 mixtos
1162 2088 1294 2150 colo
1332 2087 1625 2150 laboranti
1670 2089 1838 2150 dabis
1883 2087 2190 2169 bibendoS‚
2235 2089 2361 2147 sin·
2389 2102 2451 2143 so

323 2193 531 2236 cerum
579 2177 683 2253 qui
728 2174 951 2237 biberit
996 2179 1339 2255 experietur
1383 2178 1732 2239 remedium.

224 2277 290 2325 19
506 2262 703 2323 Publii
747 2263 1019 2343 pastillus
1066 2265 1319 2327 colicus:
1373 2265 1510 2345 Apii
1555 2268 1801 2328 seminis
1846 2265 2161 2345 heminam,
2207 2264 2361 2324 feni-

324 2350 444 2413 culi
507 2352 752 2412 seminis
811 2356 1205 2436 quartarium,
1258 2356 1486 2436 piperis
1541 2373 1724 2433 grana
1769 2353 2007 2435 XXVII,
2062 2355 2362 2415 satureiae

321 2440 489 2501 floris
534 2438 627 2500 vel
674 2443 919 2502 seminis
967 2444 1362 2524 quartarium3
1410 2446 1606 2504 omnia
1652 2443 1799 2505 haec
1841 2443 2157 2522 diligenter
2194 2449 2361 2503 teres

324 2536 386 2590 et
431 2528 713 2591 criblabis
760 2538 820 2592 et
866 2549 1004 2592 cum
1048 2534 1256 2611 pipere
1304 2532 1457 2593 bene
1495 2535 1639 2594 trito
1676 2532 2093 2613 permiscebis;
2139 2530 2359 2592 deinde
2388 2545 2450 2586 25

324 2620 388 2678 in
445 2621 729 2679 mortario
786 2622 981 2681 omnia
1037 2622 1263 2699 pariter
1320 2640 1457 2682 cum
1503 2624 1639 2682 vino
1686 2629 1886 2682 vetere
1934 2627 2222 2701 quantum
2270 2620 2361 2680 di-

324 2706 606 2784 ligentius
652 2714 812 2768 teres
860 2717 919 2769 et
963 2709 1147 2769 facies
1193 2708 1460 2788 pastillos
1508 2707 1636 2791 XV,
1694 2728 1845 2789 quos
1892 2708 2170 2790 siccabis3
2218 2727 2362 2770 cum

325 2798 534 2857 siccati
580 2796 831 2877 fuerint,
887 2797 1151 2876 singulos
1195 2798 1462 2877 pastillos
1509 2797 1625 2859 coli
1670 2797 1873 2859 dolore
1920 2797 2214 2859 laboranti
2257 2796 2361 2859 da·
2547 2849 2550 2874 ⁴

324 2883 418 2945 bis
466 2885 692 2946 solutos
740 2886 803 2945 in
849 2888 1040 2947 ternis
1088 2886 1317 2966 cyathis
1362 2889 1485 2948 vini
1533 2889 1749 2948 veteris
1798 2885 1997 2969 calidi,
2049 2886 2154 2960 sed
2201 2886 2359 2948 bene

326 2990 429 3032 eos
469 2973 677 3055 solves,
715 2981 783 3035 ut
820 2980 1012 3035 totum
1051 2974 1212 3037 ebibi
1247 2977 1466 3056 possit3
1512 2975 1732 3056 pastilli
1774 2984 1970 3038 autem
2009 2977 2171 3054 paris
2209 2994 2359 3055 pon·
2386 2989 2448 3031 so

325 3060 484 3121 deris
531 3079 663 3122 esse
710 3061 946 3126 debent.
2547 3113 2548 3128 ,

220 3163 288 3213 20
505 3149 715 3211 Salicis
762 3150 1041 3213 foliorum
1087 3151 1389 3232 dragmam
1432 3171 1569 3214 cum
1605 3154 1831 3233 piperis
1869 3154 2068 3231 granis
2109 3151 2247 3213 XXI
2285 3172 2362 3215 ex
2547 3135 2548 3210 l

324 3241 461 3300 vino
509 3238 826 3318 diligenter
871 3248 1033 3301 teres
1080 3249 1142 3302 et
1186 3241 1387 3303 triduo
1432 3250 1557 3303 tres
1601 3243 1878 3321 potiones
1924 3260 1999 3302 ex
2039 3259 2111 3303 eo
2147 3242 2361 3304 biben-

507 3397 535 3445 1
575 3394 806 3463 utpupa.
924 3399 957 3448 2
995 3393 1386 3450 herundinum.
1506 3400 1538 3449 3
1578 3395 1717 3464 puto
1757 3396 2030 3463 sumptus.
2155 3400 2187 3450 7
2225 3394 2362 3451 libi-
2541 3295 2546 3448 A

327 3462 469 3517 stici.
689 3469 758 3519 20
797 3464 1172 3522 coloraborati
1206 3470 1309 3521 1m
1344 3481 1483 3523 corr.
1522 3470 1642 3523 2m.
1822 3471 1890 3520 22
1928 3464 2118 3521 Publii
2154 3466 2366 3536 pastil-

324 3532 414 3612 lus
461 3533 696 3607 colicus]
744 3533 870 3592 folii
956 3535 1175 3592 astillos
1222 3536 1381 3593 duos.
1633 3540 1703 3591 26
1750 3537 1808 3591 et
1852 3540 1974 3591 tum
2010 3537 2178 3608 piper
2213 3539 2364 3594 bene
2539 3475 2544 3684 Ι

325 3601 538 3658 tntum.
686 3611 753 3660 30
788 3624 905 3676 pun
947 3607 1071 3663 eris.
