2575 4092
68 1300 116 1335 ς
32 800 117 1273 ‘sua-*bem

320 676 605 770 ‘VB-2¹}

334 788 668 861 {0502-

916 1048 1188 1123 PRAE
1205 1048 1530 1125 FATIO.

337 1301 640 1381 Marcelli,
698 1321 878 1379 quem
922 1302 1110 1380 vulgo
1155 1302 1377 1363 vocant
1430 1300 1811 1381 empiricum,
1865 1301 1939 1362 de
1984 1301 2243 1361 medica-

209 1400 420 1460 mentis
447 1400 609 1460 liber
633 1418 774 1478 uno,
813 1399 973 1476 quod
1001 1398 1279 1477 equidem
1309 1399 1513 1479 sciam,
1549 1399 1752 1460 codice
1779 1400 1953 1460 nobis
1981 1400 2245 1460 traditus

211 1499 322 1575 est,
365 1497 844 1558 Laudunensi
880 1499 1012 1558 420
1056 1486 1478 1581 (anteas326).
1571 1497 1691 1570 Qui
1735 1498 2245 1577 membranaceae,

210 1593 486 1655 foliorum
551 1593 1091 1673 GLXXXXVIIII,
1147 1597 1389 1656 saeculo
1447 1596 1631 1655 VIIII
1694 1596 1919 1672 optime
1985 1596 2246 1672 scriptus

210 1681 308 1771 (cf.
355 1692 678 1767 Cataloyue
716 1693 954 1768 yc'ncral
997 1693 1097 1753 des
1141 1696 1495 1754 manuscrits
1550 1695 1651 1753 des
1694 1694 2096 1768 bibliotheques
2129 1713 2246 1768 pu-

209 1789 417 1864 bliques
444 1792 553 1851 des
578 1790 997 1866 departemmts
1023 1796 1154 1851 tom.
1184 1790 1217 1848 I
1232 1809 1298 1865 p.
1332 1782 1513 1873 223),
1550 1809 1672 1850 non
1694 1791 1935 1868 integer
1962 1791 2240 1867 pervenit

208 1887 280 1946 ad
340 1891 618 1949 nostram
680 1891 960 1950 aetatem.
1050 1888 1306 1949 Initium
1361 1889 1491 1949 eius
1549 1907 1710 1948 nunc
1765 1891 1860 1949 est
1922 1908 1960 1948 a
2017 1888 2245 1950 verbis:

206 1985 511 2061 Incipiunt
562 1988 844 2061 epistulae
895 1988 1259 2048 diversorwm
1313 1988 1385 2048 de
1438 1989 1717 2063 qualitate
1760 1992 1814 2047 et
1856 1988 2246 2048 observatione

206 2085 539 2145 medicatae.
613 2085 881 2159 Laryius
907 2085 1369 2160 Desiynatianus
1394 2087 1538 2158 filiis
1562 2087 1690 2146 suis
1715 2086 1959 2146 salutem
1988 2086 2044 2145 d.
2087 2075 2173 2165 (p.
2202 2086 2244 2144 4

206 2179 379 2241 huius
429 2173 764 2264 editionis).
855 2182 1286 2242 Desiderantur
1347 2181 1539 2258 igitur
1590 2182 1771 2242 index
1824 2181 2245 2259 capitulorum,

81 2307 88 2315 ·
207 2276 477 2340 Marcelli
526 2280 791 2356 epistula
836 2280 915 2340 ad
958 2280 1117 2340 filios
1162 2279 1333 2358 data,
1387 2281 1513 2339 tres
1560 2277 2027 2356 disputationes,
2085 2296 2239 2354 quae

209 2380 347 2436 sunt
374 2377 447 2438 de
478 2377 779 2438 mensuris
808 2382 869 2438 et
904 2372 1272 2455 ponderibus
1309 2375 1783 2454 medicinalibus,
1824 2375 1979 2436 duae
2008 2375 2242 2454 Latine,

208 2475 386 2535 tertia
440 2476 674 2535 Graece
739 2475 1014 2552 scriptae.
1108 2474 1243 2545 Qua
1299 2473 1536 2534 iactura
1595 2474 1778 2551 primi
1831 2473 2245 2551 quaternionis

209 2572 304 2631 vel
337 2572 633 2633 ternionis
670 2573 901 2633 factum
937 2574 1050 2653 est,
1084 2575 1159 2631 ut
1193 2570 1373 2631 hodie
1410 2590 1709 2649 nusquam
1743 2571 1809 2631 in
1845 2572 2047 2632 codice
2086 2572 2245 2630 Mar·

211 2669 341 2729 celli
375 2690 597 2731 nomen
633 2671 998 2747 reperiatur,
1045 2669 1122 2730 ob
1160 2687 1413 2744 eamque
1450 2687 1709 2744 causam,
1746 2688 1823 2729 ne
1860 2669 2046 2729 codex
2083 2671 2244 2728 esset

208 2782 559 2845 anonymus,
606 2768 699 2828 vir
746 2768 958 2829 doctus
1002 2766 1356 2826 recentioris
1394 2767 1613 2828 aetatis
1657 2768 1722 2826 in
1755 2765 2030 2844 margine
2066 2765 2247 2841 primi

209 2862 337 2924 folii
381 2866 651 2942 scripsit:
720 2866 1057 2926 Vindiciani
1099 2866 1388 2926 medicina
1443 2864 1774 2942 eademque
1827 2864 2127 2925 vocabula
2179 2862 2245 2923 in

211 2962 451 3040 tergore
498 2963 641 3024 libri
676 2963 902 3024 litteris
939 2963 1141 3023 aureis
1179 2963 1476 3038 impressa
1512 2967 1671 3024 sunt.
1736 2962 1854 3023 Sed
1888 2981 2009 3024 non
2048 2963 2247 3023 solum

210 3056 467 3139 initium,
495 3080 705 3122 verum
733 3061 916 3121 etiam
944 3059 1079 3121 finis
1108 3060 1327 3122 codicis
1357 3064 1708 3137 temporum
1741 3060 1968 3120 iniuria
1994 3060 2244 3139 interiit,

180 3154 427 3218 desinit
472 3158 630 3218 enim
674 3160 738 3218 in
782 3159 1120 3221 vocabulis:
1165 3159 1414 3233 spinam
1460 3178 1528 3220 cx
1560 3161 1712 3234 pede
1755 3160 1845 3219 vel
1888 3176 2247 3233 quacumque

212 3259 466 3330 corporis
507 3262 684 3330 parte
744 3248 823 3339 (c.
862 3258 1052 3335 34,85
1092 3277 1149 3334 p.
1193 3260 1320 3319 356
1360 3259 1417 3317 h.
1456 3250 1597 3341 ed.).
1699 3255 1894 3328 Quam
1946 3256 2245 3317 iacturam

213 3353 490 3414 extremis
547 3353 782 3415 duobus
837 3356 1336 3432 quaternionibus
1397 3355 1632 3416 amissis
1688 3357 2060 3415 contractam
2113 3371 2245 3412 esse

210 3447 361 3511 inita
404 3452 641 3512 ratione
699 3452 875 3512 facile
922 3452 1242 3533 colligitur.
1335 3452 1453 3513 Sed
1496 3471 1572 3512 ne
1619 3452 1807 3511 ceteri
1852 3451 2095 3528 quidem
2140 3450 2247 3526 qui

211 3545 285 3605 ab
330 3547 504 3609 initio
551 3549 799 3610 fuerunt
845 3550 1063 3611 codicis
1109 3550 1414 3610 terniones
1459 3549 1561 3612 vel
1605 3548 2027 3626 quaterniones
2072 3546 2246 3608 nobis

212 3646 436 3707 servati
480 3650 650 3724 sunt3
707 3647 926 3708 desunt
981 3647 1141 3708 enim
1185 3647 1366 3708 hodie
1410 3645 1833 3724 quaterniones
1881 3644 1937 3702 V
1984 3647 2047 3705 et
2091 3644 2246 3703 Vm

1744 3742 1818 3792 a*
