2575 4092
1145 238 1630 303 —348—

374 403 627 482 lentum,
673 401 786 463 hoc
835 402 1009 463 modo
1057 401 1394 463 curabitur:
1459 399 1775 482 Butyrum,
1830 400 2083 461 farinam
2131 400 2309 461 fabae
2358 409 2413 462 et

374 490 673 551 modicum
732 490 920 551 mellis
976 490 1255 552 miscebis
1314 498 1491 569 atque
1546 491 1609 549 in
1665 489 1908 551 modum
1967 488 2411 568 cataplasmatis

374 597 596 658 coques
652 588 713 641 et
766 582 830 639 in
885 579 1127 641 linteolo
1182 579 1399 640 inlines
1456 586 1517 639 et
1563 580 1650 639 sic
1695 578 1768 638 ad
1815 578 2013 639 locum
2060 577 2411 658 adplicabia

373 670 594 729 mirum
639 668 972 729 remedium
1019 670 1366 746 experieris.

269 769 336 819 72
550 755 796 818 Veretra
842 765 909 819 ut
955 759 1222 818 auctiora
1268 756 1598 831 videantur,
1649 757 1891 835 panacis
1937 756 2107 817 radix
2156 757 2221 816 in
2269 758 2406 817 vino
2434 771 2457 811 ⁵

377 843 531 906 bono
578 846 778 907 triduo
825 854 1163 907 maceratur
1209 863 1468 925 cumque
1514 844 1851 906 coeundum
1898 852 2006 919 est,
2055 844 2277 905 femori
2327 847 2411 905 in-

376 932 610 1016 ligatur,
647 952 714 995 re
752 942 990 1014 peracta
1020 937 1081 995 in
1113 936 1245 994 vino
1275 934 1536 1013 reposita
1565 933 1777 994 iisdem
1806 932 2015 995 usibus
2043 941 2411 994 reservatur.

271 1037 338 1086 73
555 1023 632 1084 Ut
680 1041 916 1103 semper
962 1025 1045 1083 sis
1090 1031 1335 1101 paratus
1380 1025 1443 1083 in
1489 1041 1786 1102 venerem,
1837 1024 2001 1101 porri
2047 1040 2258 1083 semen
2308 1024 2411 1083 tri-

377 1119 507 1172 tum
554 1120 616 1173 et
661 1119 829 1173 rutae
877 1129 1081 1172 semen
1131 1113 1341 1173 tritum
1387 1112 1594 1191 aequis
1630 1110 2007 1190 portionibus
2042 1113 2234 1171 misce
2274 1129 2411 1172 cum

376 1199 527 1261 lacte
578 1218 842 1279 capruno
889 1201 1118 1260 recenti
1166 1208 1225 1261 et
1268 1202 1509 1261 ieiunus
1557 1200 1803 1261 adsidue
1850 1199 2005 1261 bibe.
2437 1215 2481 1254 ιο

1144 1393 1305 1456 CAP.
1351 1393 1639 1456 xxxlffl.

376 1505 703 1563 Genuum
750 1505 1104 1563 doloribus
1150 1509 1220 1563 et
1257 1519 1541 1563 crurum
1577 1519 1655 1563 ac
1690 1506 2018 1562 tibiarum
2053 1505 2408 1562 ulceribus

376 1598 446 1652 et
481 1594 824 1652 varicibus
861 1598 930 1652 et
966 1594 1157 1652 callis
1193 1596 1454 1665 pedum
1491 1598 1699 1665 atque
1739 1595 1948 1652 clavis
1986 1597 2056 1650 et
2100 1595 2408 1651 verrucis

377 1686 447 1741 et
499 1684 751 1754 plantis
807 1687 876 1740 et
929 1683 1294 1754 pollicibus
1350 1686 1420 1740 et
1463 1684 1625 1739 talis
1672 1687 1742 1740 et
1788 1683 2093 1740 articulis
2140 1687 2214 1740 et
2259 1698 2408 1754 per-

374 1771 696 1829 monibus
734 1776 804 1829 et
838 1773 1060 1843 ruptis
1087 1772 1380 1843 pedibus
1408 1775 1480 1829 et
1509 1772 2006 1842 condylomatis
2032 1764 2409 1829 nervorum

376 1864 584 1931 atque
633 1861 1080 1919 articulorum
1125 1864 1195 1918 et
1232 1863 1323 1917 ad
1360 1862 1804 1930 extrahenda,
1851 1874 2031 1931 quae
2069 1873 2239 1918 casu
2277 1862 2407 1917 cal-

377 1952 529 2008 cata
581 1949 838 2007 fuerint
890 1950 1003 2007 vel
1056 1963 1233 2021 quae
1291 1949 1557 2021 corpori
1610 1950 2049 2016 inhaeserint,
2104 1951 2407 2007 remedia

464 2039 746 2110 physica
792 2042 861 2096 et
903 2038 1330 2096 rationabilia
1377 2039 1642 2095 diversa
1687 2040 1773 2095 de
1820 2038 2328 2110 experimentis.

309 2188 336 2236 1
555 2176 828 2236 Genuum
877 2174 1068 2235 dolori
1113 2193 1360 2236 muscus
1406 2194 1478 2236 ex
1515 2177 1743 2255 piscina
1779 2175 1872 2236 vel
1910 2175 2121 2237 lacuna
2158 2175 2254 2237 vel
2292 2188 2404 2237 sta-

377 2282 494 2343 gno
552 2262 838 2323 collectus
895 2263 1124 2323 adiecto
1180 2263 1419 2343 paululo
1482 2263 1621 2324 salis
1669 2263 1953 2325 subactus
2000 2272 2062 2325 et
2108 2267 2405 2345 inpositus

306 2364 338 2412 2
377 2351 637 2432 prodest.
712 2350 980 2411 Hederae
1026 2353 1231 2429 nigrae
1279 2351 1559 2415 bacarum
1607 2352 1860 2433 hemina,
1906 2354 2055 2414 ficus
2093 2354 2404 2416 Africanae

377 2440 439 2501 P.
478 2440 529 2522 1,
587 2441 874 2518 axungiae
928 2472 1002 2483 —
1044 2440 1113 2502 X.
1198 2439 1459 2503 Contusa
1512 2441 1660 2503 baec
1717 2451 1777 2503 et
1831 2460 1969 2503 cum
2015 2444 2153 2502 vino
2203 2451 2403 2504 vetere

378 2529 625 2590 subacta
671 2528 922 2608 genibus
969 2529 1136 2591 inlita
1182 2538 1460 2609 potenter
1507 2529 1742 2591 dolores
1789 2549 1996 2592 eorum
2043 2530 2304 2593 abolent.
2429 2542 2476 2583 1⁵

306 2630 337 2679 3
556 2618 760 2679 Genua
808 2621 861 2679 si
905 2618 1224 2680 tumebunt
1261 2617 1354 2679 vel
1398 2619 1694 2681 instabilia
1738 2628 1933 2700 erunt,
1980 2619 2272 2680 afronitra
2309 2639 2404 2681 co-

375 2709 540 2787 piosa
586 2708 649 2768 in
696 2725 870 2786 passo
918 2705 1151 2769 Cretico
1199 2709 1541 2787 confringes
1588 2716 1649 2768 et
1689 2708 2014 2770 madefacta
2052 2711 2404 2771 conminues

375 2796 589 2875 hisque
648 2795 830 2856 addes
885 2796 1076 2857 lanam
1124 2796 1391 2858 sucidam
1438 2804 1499 2857 et
1544 2797 1796 2875 genibus
1841 2798 2162 2877 inpositam
2211 2816 2403 2877 panno

375 2893 657 2964 conteges
703 2892 764 2945 et
810 2884 1076 2964 alligabis
1123 2894 1182 2946 et
1229 2905 1305 2946 ne
1354 2903 1535 2947 sucus
1573 2893 1824 2968 emanet,
1870 2885 2208 2965 pelliculam
2248 2887 2399 2949 lana·

376 2982 495 3034 tam
545 2991 930 3052 superpones
2427 2986 2475 3027 ²⁰

304 3073 339 3122 4
553 3061 867 3122 Ulceribus
922 3081 1168 3123 crurum
1224 3071 1282 3123 et
1343 3061 1624 3123 tibiarum
1691 3063 1966 3124 medetur
2030 3064 2215 3143 adeps
2281 3065 2403 3126 ursi

376 3169 514 3212 cum
559 3149 745 3210 herba
791 3147 1343 3231 rubricata⁴tunsa3
1390 3169 1527 3212 cum
1573 3151 1720 3213 haec
1767 3170 1908 3230 ergo
1946 3154 2008 3212 in
2047 3172 2238 3214 unum
2277 3172 2399 3215 cor·

377 3259 490 3320 pus
538 3238 783 3301 subacta
830 3242 1107 3320 coierint,
1163 3242 1419 3318 inposita
1468 3239 1629 3301 velut
1675 3240 2061 3320 emplastrum
2108 3242 2401 3322 conligan-

307 3338 339 3388 5
381 3337 509 3411 tur,
562 3337 630 3391 ut
686 3328 789 3389 diu
835 3337 1129 3390 maneant.
1220 3327 1429 3390 Ulcera
1476 3328 1785 3411 tibiarum,
1842 3347 1993 3409 quae
2039 3333 2402 3393 intrinsecus

554 3537 666 3589 tet..-
702 3552 925 3604 genum.

558 3610 623 3659 13
660 3605 821 3673 figus.
974 3610 1040 3660 18
1075 3604 1209 3660 lana
1244 3604 1455 3662 sucida.
1599 3612 1670 3661 24
1705 3606 2072 3663 intrensecus.
