2575 4092
1073 228 1557 294 —138—

296 401 357 454 et
401 391 612 471 pollice
660 410 908 470 granum
954 391 1189 453 vulsum
1246 393 1334 451 sic
1380 390 1865 471 transgluttierit‚
1921 399 1989 451 ut
2044 389 2325 451 dentibus

188 496 258 545 53
297 499 414 541 non
473 483 793 560 contingat.
879 481 1127 542 Stercus
1183 479 1539 541 caballinum
1593 498 1804 541 recens
1861 478 2104 559 colliges
2151 487 2213 539 et
2260 481 2325 540 in

188 762 257 811 54

187 1028 255 1077 51>

187 1470 256 1521 56

185 1827 253 1876 57

185 2443 256 2493 58

183 2886 252 2936 59

183 3064 254 3113 60

295 571 472 631 furno
520 570 847 649 calefacicS‚
892 577 1038 631 tunc
1084 569 1280 630 oleum
1329 568 1522 629 medio
1572 570 1751 648 capiti
1798 568 2076 629 infundes
2115 576 2323 629 contra

295 677 466 719 uvam
525 667 587 720 et
641 661 728 720 sic
784 669 1017 720 stercus
1072 657 1443 737 praedictum
1496 660 1560 718 in
1615 675 1810 736 panno
1866 657 1958 718 vel
2017 659 2079 717 in
2139 656 2322 717 linteo

296 750 487 826 spisso
527 750 705 827 capiti
745 747 1137 827 superligabis
1165 750 1227 807 in
1255 755 1511 808 noctem.
1576 745 1885 807 Frumenti
1921 764 2102 825 grana
2140 763 2323 824 super
2351 762 2380 803 5

294 837 645 898 candentem
691 835 951 915 tegulam
995 854 1184 916 pones
1231 843 1293 896 et
1339 835 1650 915 disperges
1697 853 1765 895 ea
1811 842 1872 896 et
1917 853 2053 895 cum
2102 833 2324 895 videris

294 944 365 985 ex
412 925 506 986 his
554 944 823 987 umorem
861 929 1100 1004 nigrum
1139 927 1321 1005 exire,
1367 924 1440 985 de
1479 923 1770 985 cocleario
1810 923 2050 1002 colliges
2088 933 2148 984 et
2185 921 2325 983 sub-

292 1014 429 1074 inde
468 1033 615 1075 uvae
654 1014 933 1095 adponeS‚
972 1016 1169 1075 statim
1207 1013 1583 1074 remediabiS.
1648 1012 1737 1073 Ad
1767 1013 1968 1074 fauces
2008 1020 2068 1073 et
2105 1013 2322 1072 arteria

292 1104 572 1182 impedita
621 1103 952 1163 remedium
998 1102 1145 1163 utile
1205 1105 1319 1164 sic:
1393 1102 1568 1163 Croci
1622 1102 1895 1180 dragmas
1942 1099 2095 1179 vm,
2152 1100 2324 1161 nardi

293 1190 455 1269 drag.
501 1191 581 1273 ΙΙ,
638 1191 1121 1252 schoenuantbus
1177 1188 1339 1270 drag.
1395 1190 1447 1273 Ι,
1502 1190 1681 1252 amuli
1738 1187 1900 1270 drag.
1948 1189 1973 1249 Ι
2021 1190 2088 1264 S,
2149 1207 2320 1250 rosae
2352 1207 2406 1246 10

292 1282 534 1341 seminis
580 1277 743 1359 drag.
780 1280 835 1360 1,
881 1279 1074 1340 mellis
1121 1281 1304 1341 Attici
1349 1279 1627 1360 cyathum
1674 1297 1875 1340 unumv
1909 1297 2046 1339 cum
2095 1279 2323 1339 tenuis—

293 1371 443 1429 simo
498 1368 742 1447 pulvere
798 1371 1136 1447 specierum
1190 1387 1372 1449 supra
1428 1369 1722 1430 dictarum
1776 1366 2057 1428 miscebis
2114 1375 2175 1427 et
2220 1366 2322 1427 de-

295 1476 516 1536 coques
562 1459 826 1519 tenuiter
873 1465 933 1518 et
979 1458 1048 1518 ad
1097 1460 1551 1536 perunctionem
1600 1457 1861 1518 faucium
1913 1458 2118 1517 uteris,
2201 1454 2322 1515 Lac

291 1545 582 1608 bubulum
629 1565 842 1609 recens
887 1545 1147 1607 mulsum
1195 1555 1255 1608 et
1300 1546 1463 1609 lento
1507 1548 1645 1625 igne
1688 1544 2037 1607 calefactum
2074 1542 2322 1623 gargali-

292 1646 607 1716 zatumque
646 1638 861 1696 arteria
892 1637 1214 1697 constricta
1252 1635 1449 1696 infuso
1489 1643 1722 1696 catarro
1760 1641 1821 1695 et
1852 1635 2051 1695 fauces
2080 1651 2323 1711 exaspe-
2354 1648 2408 1690 15

293 1734 451 1785 ratas
499 1727 782 1803 pristinae
830 1727 1068 1785 sanitati
1114 1726 1391 1785 restituta
1438 1732 1731 1803 persanat.

473 1813 627 1874 Uvae
683 1813 906 1875 dolenti
964 1820 1024 1874 et
1069 1814 1392 1875 destillanti
1439 1813 1935 1873 medicamentum
1983 1818 2327 1890 praesenta-

294 1920 473 1964 neum
512 1904 624 1964 sic:
664 1902 859 1963 Gallae
899 1902 1065 1962 rufae
1104 1904 1486 1982 semunciam,
1526 1901 1802 1962 aluminis
1832 1902 2006 1961 scissi
2036 1892 2114 1985 9⁶
2147 1898 2324 1980 vnn,

292 2009 525 2070 myrrae
582 1992 1005 2070 pinguissimae
1063 1983 1141 2076 9·
1190 1990 1373 2071 VIIII,
1429 1989 1789 2051 cunicularis
1845 1987 2065 2050 herbae
2122 1988 2324 2048 aridae

293 2097 476 2157 super
503 2079 785 2139 mundam
814 2078 1071 2157 tegulam
1103 2079 1448 2140 combustae
1478 2080 1697 2140 cineris
1727 2079 2108 2138 semunciam.
2160 2076 2323 2137 Haec
2353 2094 2410 2135 πο

294 2170 489 2227 omnia
534 2170 597 2227 in
643 2170 1059 2228 tenuissimum
1107 2167 1413 2246 pulverem
1458 2167 1698 2228 redacta
1745 2174 1806 2227 et
1851 2169 1914 2227 in
1962 2183 2150 2226 unum
2186 2183 2324 2246 per-

292 2258 473 2315 mixta
522 2262 836 2316 servantur
882 2272 1020 2315 vaso
1059 2257 1247 2316 vitreo
1287 2266 1347 2317 et
1383 2275 1494 2335 per
1530 2256 1797 2319 triduum
1836 2253 2103 2316 cocleare
2142 2256 2323 2314 semi—

281 2344 534 2421 ,plenum
579 2346 781 2403 ieiuno
830 2352 890 2403 et
927 2342 1078 2404 bene
1118 2343 1349 2423 digesto
1386 2348 1541 2405 intra
1580 2362 1648 2404 os
1686 2346 1990 2424 inseritur,
2037 2350 2106 2404 ut
2146 2360 2325 2402 uvam

295 2434 597 2510 contingat
643 2439 703 2491 et
747 2431 972 2493 inlinat.
1051 2432 1394 2494 Causticum
1441 2433 1513 2493 ad
1560 2451 1733 2494 uvam
1769 2434 2010 2512 penitus
2049 2434 2323 2492 minuen-

293 2519 427 2580 dam
472 2520 565 2580 vel
612 2520 1074 2580 consumendam
1122 2522 1234 2581 sic:
1299 2521 1568 2582 Feniculi
1613 2518 1774 2599 drag.
1824 2520 1875 2601 1,
1928 2519 2106 2581 calcis
2152 2521 2320 2580 vivae
2351 2537 2410 2580 25

292 2606 452 2687 drag.
490 2608 534 2689 Ι,
581 2607 856 2668 afronitri
901 2605 1058 2688 drag.
1098 2608 1186 2689 11„
1234 2609 1569 2670 chalcanthi
1614 2606 1775 2689 drag.
1811 2609 1890 2689 11,
1936 2611 2000 2669 iu
2047 2605 2210 2686 drag.
2247 2608 2321 2668 11.

293 2696 551 2757 Contusa
597 2696 743 2757 haec
800 2706 860 2758 et
913 2699 976 2757 in
1024 2697 1329 2776 pulverem
1375 2698 1614 2758 redacta
1659 2700 1954 2775 permisce
2002 2705 2063 2757 et
2108 2695 2322 2774 subige

292 2804 427 2846 cum
476 2788 677 2846 cinere
725 2784 887 2845 lixivi
929 2785 1169 2846 ficulnei
1206 2794 1266 2846 ct
1304 2790 1522 2865 inpone
1562 2790 1805 2866 siccum,
1850 2789 1932 2846 ita
1973 2791 2041 2845 ut
2075 2785 2326 2845 haereat

291 2893 438 2936 uvae
495 2874 587 2934 vel
642 2874 931 2935 faucibus
1023 2874 1240 2935 Raucis
1297 2883 1358 2935 et
1411 2874 1717 2953 gravedini
1772 2876 1933 2935 vocis
1992 2873 2324 2952 plurimum

290 2964 535 3042 prodest
572 2963 1040 3043 tragacanthum,
1079 2965 1130 3023 si
1168 2962 1280 3024 sub
1318 2963 1515 3043 lingua
1546 2963 1649 3024 diu
1688 2971 1979 3043 teneatur,
2016 2972 2120 3024 aut
2146 2965 2325 3043 piper
2355 2981 2414 3020 ao

293 3059 353 3111 ct
387 3051 670 3131 paulatim
710 3051 904 3129 saliva,
952 3070 1103 3130 quae
1142 3052 1387 3113 collecta
1430 3053 1629 3132 fuerit,
1677 3051 2007 3113 sorbeatur.
2078 3050 2325 3112 Raucus

292 3142 341 3200 si
388 3158 492 3200 ova
541 3142 773 3200 incocta
819 3143 1083 3201 recentia
1129 3139 1361 3220 singula
1405 3159 1515 3220 per
1562 3141 1828 3201 triduum
1882 3141 2121 3202 ieiunus
2172 3140 2323 3201 hau-

434 3318 462 3365 1
505 3311 610 3383 sic]
651 3311 714 3366 si.
896 3317 930 3365 4
965 3312 1254 3381 praedum.
1418 3318 1448 3366 7
1485 3312 1795 3367 humorem.
1978 3316 2011 3366 8
2048 3310 2326 3367 amberiam

288 3380 623 3453 impeditam
662 3383 979 3438 Cornarius.
1130 3390 1194 3438 10
1232 3382 1626 3453 soynuanthos.
1776 3387 1840 3437 15
1880 3382 2145 3438 arteriam
2186 3399 2325 3437 con-

290 3455 544 3509 strictam
577 3453 894 3509 C'or‘narius.
1010 3452 1299 3509 confricta.
1412 3459 1482 3508 20
1510 3455 1853 3510 cumbustae.
1965 3461 2032 3509 26
2070 3452 2329 3509 afroniti.

287 3524 347 3579 iu
386 3529 476 3592 (=
514 3524 627 3593 ἰοῦ)
663 3526 893 3595 scripsi.-
929 3524 1062 3581 ioni.
1209 3531 1279 3580 2⁷
1317 3525 1540 3598 subige]
1579 3527 1680 3580 sub
1717 3524 1867 3596 igne.
2012 3531 2080 3580 29
2118 3542 2330 3595 grave-

289 3594 434 3651 dine.
581 3602 649 3651 30
687 3597 1026 3667 tragantum.
1170 3598 1412 3652 tenetur.

2567 685 2569 754 l
