2575 4092
1120 199 1604 266 —130—

358 374 419 426 et
454 365 572 425 mel
598 364 845 444 Lycium
885 370 1172 442 quantum
1211 364 1469 426 sufficiat
1497 364 1727 444 aequali
1753 383 2031 426 mensura
2060 368 2381 448 permisce3

358 454 576 533 quibus
621 452 803 513 rebus
852 451 1254 515 dentifricium
1304 455 1609 533 egregium
1655 454 1863 534 facieS,
1913 455 2070 533 quod
2117 454 2378 516 dolorem

356 543 625 603 dentium
682 541 847 602 sedat
902 559 1123 621 eosque
1149 526 1491 603 confirmat
1547 550 1607 603 et
1652 543 2103 604 candidissimos
2158 544 2378 625 reddit3

357 631 462 692 sed
519 649 671 710 quae
729 630 972 691 terenda
1029 639 1195 711 sunt,
1256 631 1708 710 diligentissime
1765 641 2152 694 conterantur
2203 640 2378 712 atque

357 719 689 781 criblentur
726 726 786 779 et
824 721 911 779 sic
948 721 1144 779 omnia
1177 677 1573 801 ²misceantur3
1611 721 1769 800 quod
1799 721 2202 782 dentifricium
2239 740 2374 782 nec·
2402 738 2429 780 5

356 827 477 870 non
533 817 592 869 et
648 808 756 869 alia
813 810 1008 868 omnia
1064 825 1246 886 supra
1303 808 1460 869 dicta
1517 811 1578 869 in
1633 809 1949 890 pyxidibus
2004 810 2215 889 ligneis
2278 819 2378 871 aut

354 899 591 959 corneis
637 897 856 958 debent
901 897 1163 958 recondi.

1178 1090 1337 1153 CAP.
1385 1090 1564 1153 XIIII.

356 1203 544 1260 Uvae
602 1207 673 1259 et
727 1203 1046 1259 faucibus
1102 1206 1172 1259 et
1227 1203 1490 1259 arteriis
1547 1207 1617 1259 et
1670 1204 2025 1260 raucedini
2082 1205 2382 1262 remedia.

445 1293 726 1363 physica
772 1295 842 1347 et
886 1292 1312 1348 rationabilia
1359 1293 1624 1348 diversa
1668 1294 1753 1348 de
1800 1294 2300 1362 experimentis.

536 1430 620 1490 Ad
670 1430 932 1490 faucium
978 1447 1244 1508 uvaeque
1293 1437 1591 1490 tumorem
1634 1429 1745 1490 hac
1793 1429 1917 1489 fere
1974 1448 2179 1490 omnes
2225 1448 2381 1491 com-

355 1521 652 1597 positione
700 1520 792 1579 uti
837 1517 1083 1598 debent,
1141 1518 1278 1596 quia
1337 1517 1556 1578 nullam
1611 1518 2043 1597 aspritudinem
2096 1518 2275 1579 habet
2321 1527 2382 1579 et

355 1611 498 1669 satis
546 1608 754 1668 efficax
792 1615 909 1668 est:
958 1606 1112 1668 Uvae
1151 1607 1432 1667 Amineae
1470 1606 1738 1687 acerbae,
1776 1625 1913 1668 cum
1950 1609 2211 1686 primum
2248 1626 2376 1685 gra·
2409 1627 2457 1666 10

353 1715 498 1758 num
544 1699 674 1758 eius
721 1698 932 1775 incipit
978 1695 1309 1774 perlucere,
1356 1697 1487 1756 suci
1533 1692 1596 1755 ὃ*
1634 1695 1760 1774 ΙΙΙΙ,
1807 1695 1998 1756 mellis
2033 1697 2215 1757 Attici
2250 1693 2315 1755 ὃ*
2353 1696 2380 1756 Ι

351 1788 600 1846 misceto
657 1788 718 1846 in
775 1803 961 1846 unum
1019 1792 1195 1862 atque
1252 1786 1316 1844 in
1370 1802 1554 1845 aeneo
1619 1802 1756 1844 vaso
1822 1786 2061 1864 coquito
2127 1783 2381 1845 subinde

351 1893 613 1955 movenS,
652 1875 841 1935 donec
879 1873 1069 1934 mellis
1108 1872 1322 1933 habeat
1359 1871 1824 1954 spissitudinem,
1863 1885 2039 1953 atque
2079 1874 2216 1934 inde
2255 1874 2381 1935 fau·

355 1982 455 2024 ces
514 1965 841 2041 continges.
926 1961 1123 2022 Altera
1179 1961 1251 2021 ad
1309 1962 1602 2022 eiusmodi
1658 1962 1958 2023 molestias
2011 1964 2381 2041 compositio,

354 2071 488 2113 cum
546 2051 771 2111 diutius
827 2059 1067 2110 vexatae
1126 2057 1265 2109 sunt
1321 2057 1523 2128 partes
1578 2068 1758 2131 supra
1815 2052 2034 2129 dictae,
2089 2058 2157 2111 ut
2208 2051 2380 2112 facile
2408 2070 2460 2112 ιε.

352 2139 692 2219 placentur:
740 2138 1031 2199 Aluminis
1069 2138 1195 2198 fissi
1231 2138 1283 2198 X
1312 2137 1383 2218 11,
1429 2138 1614 2217 gallae
1660 2147 1871 2201 tunsae
1911 2139 1963 2200 X
1991 2138 2062 2217 ΙΙ,
2108 2140 2385 2218 omphaci

353 2228 505 2288 aridi
550 2227 602 2287 X
640 2227 692 2306 Ι,
749 2228 912 2287 croci
956 2226 1009 2286 X
1046 2225 1097 2306 I,
1144 2229 1307 2306 passi
1352 2226 1573 2288 Cretici
1617 2225 1680 2288 fr
1718 2228 1761 2289 Ι.
1852 2228 1977 2289 Hoc
2025 2228 2384 2307 decoquitur

353 2334 493 2377 vaso
539 2316 708 2377 fictili
752 2316 824 2376 ad
874 2316 1115 2396 mediaS,
1162 2317 1243 2376 ita
1292 2323 1358 2376 ut
1407 2335 1556 2395 quae
1604 2318 1847 2378 terenda
1886 2326 2027 2377 sunt
2064 2317 2383 2396 diligenter

352 2407 493 2467 trita
532 2404 989 2465 admisceantur.
1043 2403 1377 2484 Utrumque
1415 2412 1613 2465 autem
1651 2406 2149 2467 medicamentum
2186 2407 2382 2485 signa·

352 2503 480 2556 tum
539 2502 782 2573 stagneo
842 2493 1251 2572 reponendum
1309 2502 1401 2554 est
1455 2493 1692 2555 vasculo
1750 2503 1831 2563 et.
1863 2513 1974 2556 uva
2031 2494 2122 2555 vel
2176 2495 2383 2555 fauces
2411 2514 2465 2554 so

353 2583 596 2643 adsidue
643 2583 781 2643 inde
829 2582 1174 2661 tangendae.
1241 2581 1354 2643 Ubi
1401 2585 1751 2662 suppuratio
1798 2584 2056 2644 saucium
2098 2592 2384 2662 suspecta

341 2679 444 2732 'est
490 2671 715 2731 diutius
760 2678 1146 2749 permanente
1194 2689 1398 2731 earum
1447 2679 1679 2732 tumore
1735 2680 1796 2732 et
1851 2673 2151 2733 interdum
2200 2671 2384 2733 febri-

350 2760 503 2821 culis
541 2778 662 2820 non
700 2762 827 2821 sine
866 2760 1116 2820 horrore
1153 2760 1618 2840 incurrentibuS,
1647 2762 1947 2840 oportebit
1975 2762 2212 2840 quidem
2248 2779 2384 2840 gar-

350 2848 590 2927 galizari
621 2867 845 2927 aquam
893 2848 1144 2909 mulsam
1195 2847 1284 2908 vel
1332 2867 1468 2909 cum
1515 2851 1644 2909 ficis
1682 2850 1864 2910 aridis
1904 2849 2227 2931 decoctam,
2271 2850 2382 2910 sed

349 2939 646 3017 perungui
674 2938 874 2998 fauces
903 2937 1049 2998 utile
1078 2945 1171 2997 est
1199 2936 1312 2997 hoc
1339 2937 1790 3019 medicamento,
1829 2956 1944 3018 qua
1974 2947 2167 3000 tactus
2195 2940 2381 3000 susti·
2411 2956 2469 2998 25

348 3044 493 3086 nere
548 3028 771 3105 poterit
823 3025 1000 3104 paulo
1056 3028 1350 3107 pressiuS,
1408 3025 1564 3105 quod
1621 3028 1936 3088 conficitur
1992 3029 2103 3089 sic:
2185 3026 2384 3089 Mellis

348 3114 492 3175 boni
538 3115 871 3194 despumati
907 3114 1221 3195 heminam,
1268 3116 1500 3176 resinae
1538 3114 1973 3177 terebinthinae
2011 3116 2073 3177 Ρ.
2112 3115 2155 3196 Ι,
2200 3134 2387 3177 rosae

350 3206 543 3264 siccae
584 3203 826 3282 cyathos
855 3202 918 3264 V.
975 3203 1253 3264 Resinam
1293 3222 1427 3264 cum
1467 3222 1602 3264 rosa
1631 3205 1852 3284 duplici
1880 3223 2034 3285 vaso,
2080 3212 2148 3266 ut
2181 3205 2386 3266 solent

348 3295 731 3370 unguentarii
770 3295 874 3373 uti,
921 3292 1217 3372 liquefieri
1253 3300 1507 3374 oportet,
1554 3293 1768 3354 deinde
1807 3293 2122 3355 admisceri
2159 3294 2279 3354 mel
2318 3302 2387 3355 et

492 3432 523 3480 5
562 3427 883 3482 miscentur.
1058 3433 1123 3482 16
1160 3427 1350 3496 gallae
1386 3431 1584 3484 tunsae
1620 3426 1674 3481 X
1701 3427 1754 3481 II
1789 3444 1890 3482 om.
2062 3434 2133 3483 25
2170 3445 2387 3499 perun-

236 3501 242 3506 ”
345 3497 525 3568 gueri.
634 3497 1122 3554 medicamentum.
1234 3500 1454 3554 austeri.
1564 3506 1630 3554 27
1668 3482 2061 3555 terebintinae
2170 3507 2240 3556 28
2272 3501 2389 3555 sic-

341 3574 468 3635 cae]
503 3567 620 3624 suci
651 3569 965 3626 Coo-narius,
1114 3576 1181 3626 29
1220 3572 1450 3641 oportit.
