2575 4092
1109 266 1192 276 —
1285 229 1596 294 334—

236 407 310 456 44
523 393 610 454 Ad
648 392 850 454 ulcera
887 394 951 453 in
987 410 1099 452 ano
1137 392 1291 453 facta
1329 391 1568 452 chartae
1606 389 1952 470 conbustae,
1999 389 2103 450 sed
2146 386 2382 471 †aena-

343 501 479 543 rum
517 485 647 543 eius
684 478 845 562 drag.
873 481 918 563 1,
955 482 1376 560 auripigmenti
1404 475 1566 560 drag.
1593 478 1637 560 Ι,
1673 479 1904 558 lepidae
1940 475 2102 557 drag.
2132 479 2159 539 Ι
2197 478 2382 540 simul

344 579 622 632 conteres
669 578 730 631 et
777 569 948 631 melle
996 569 1426 649 conprehensis
1472 571 1663 630 uteris
1709 567 2015 647 emplastri
2058 567 2259 628 modo,

234 671 304 721 45
522 659 608 720 Ad
638 677 759 740 eoS,
790 659 1008 739 quibus
1035 660 1387 719 intestinum
1415 657 1666 737 inprobe
1693 659 2009 737 prominet,
2038 656 2376 718 remedium

344 750 458 809 sic:
502 746 680 809 Ebuli
726 766 870 809 suco
917 746 1352 826 turpitudinem
1398 745 1776 828 circumline,
1831 747 1949 806 cito
1996 745 2374 806 remediabis.
2403 762 2433 804 5

236 850 306 900 46
521 836 864 915 Porrigines
904 839 1003 897 ani
1038 838 1296 916 extirpet
1332 834 1447 897 tale
1473 835 1869 896 medicamen:
1904 833 2081 915 Picis,
2117 836 2375 914 resinae,

343 942 534 1007 cerae,
569 925 789 1005 butyri,
828 927 953 986 sevi
981 926 1228 1005 caprini,
1255 926 1488 1003 argenti
1516 942 1778 1003 spumae,
1806 922 2175 1003 singulorum
2206 925 2373 1002 paria

341 1013 607 1093 pondera
651 1017 889 1075 remitte
938 1021 998 1074 et
1045 1013 1224 1074 simul
1269 1020 1653 1092 contempera
1698 1020 1876 1093 atque
1922 1014 2003 1073 ita
2050 1011 2254 1073 inline.

236 1115 304 1164 47
520 1102 609 1162 Ad
657 1104 985 1183 syringium
1031 1101 1124 1162 vel
1170 1104 1268 1162 ani
1315 1103 1455 1162 vitia
1500 1100 1721 1163 lavabis
1758 1101 1956 1162 locum
1992 1102 2126 1161 vino
2167 1108 2370 1161 vetere

343 1199 403 1252 et
460 1198 621 1251 teres
678 1200 898 1251 testum
953 1192 1138 1251 ostrei
1191 1197 1253 1250 et
1305 1190 1512 1251 sordes
1558 1192 1716 1251 intra
1759 1189 2052 1269 pullinum
2098 1196 2372 1250 ventrem
2403 1207 2456 1247 10

343 1287 613 1357 repertas
649 1278 982 1339 contundes
1020 1286 1081 1339 et
1115 1277 1378 1340 cocleam
1415 1297 1658 1340 vacuam
1696 1287 1757 1340 et
1793 1277 2165 1340 cucurbitam
2204 1286 2373 1339 ustu-

342 1366 518 1428 latam
573 1374 736 1428 teres
782 1366 1097 1446 diligenter
1143 1369 1444 1447 mixtaque
1493 1369 1716 1449 omnia,
1770 1386 1905 1429 cum
1951 1369 2013 1427 in
2059 1366 2371 1446 pulverem

342 1457 757 1516 tenuissimum
794 1456 1118 1538 redegeriS,
1166 1456 1399 1518 vulneri
1434 1457 1723 1538 adpones3
1769 1474 1907 1516 mox
1946 1457 2151 1516 vitium
2191 1474 2372 1517 omne

342 1543 594 1606 sanabis.

240 1645 311 1694 48
525 1632 673 1693 Item
736 1633 807 1694 ad
870 1634 966 1693 ani
1020 1635 1160 1694 vitia
1218 1634 1643 1713 prominentia,
1709 1650 1858 1711 quae
1925 1634 2193 1693 revocari
2245 1651 2370 1693 non
2399 1650 2453 1690 ιε

339 1729 617 1799 possunt:
663 1721 839 1804 Rubi,
884 1721 987 1783 ubi
1034 1739 1200 1782 mora
1247 1728 1596 1800 nascuntur,
1642 1720 1841 1781 caules
1888 1723 2081 1781 teneri
2122 1728 2184 1781 et
2220 1720 2369 1782 buxi

339 1808 476 1869 folia
525 1817 585 1870 et
630 1818 835 1870 cortex
879 1809 1019 1871 mali
1064 1812 1295 1889 granati
1339 1809 1433 1871 vel
1478 1812 1605 1888 ipsa
1650 1828 1824 1888 poma
1871 1811 2001 1870 eius
2052 1816 2110 1870 et
2157 1819 2368 1871 cortex

339 1896 573 1958 roboris
629 1897 885 1980 arboriS,
942 1899 1099 1960 unde
1156 1900 1315 1960 coria
1374 1899 1799 1979 conficiuntur,
1853 1900 1917 1958 in
1971 1905 2126 1959 testo
2184 1916 2371 1977 supra

339 2004 564 2065 prunas
609 1995 914 2067 ponuntur
962 1995 1023 2049 et
1067 1990 1225 2048 intra
1270 2006 1391 2069 vaS,
1439 1988 1544 2048 ubi
1591 1987 1857 2068 offertur,
1903 1987 2188 2047 fumantia
2226 2006 2365 2047 con-

340 2077 701 2156 stituuntur,
752 2083 817 2137 ut
862 2094 1043 2155 supra
1090 2076 1295 2137 sedeat
1342 2077 1616 2137 infirmus
1663 2074 1983 2136 conclusus
2027 2074 2367 2157 diligenter,
2393 2093 2449 2135 πο
2547 2127 2548 2130 ,

340 2182 415 2223 ne
464 2163 662 2225 fumus
708 2164 866 2225 foras
913 2173 1108 2245 exeat3
1156 2184 1273 2244 quo
1323 2165 1475 2225 facto
1524 2182 1662 2225 cum
1699 2171 1914 2225 conatu
1953 2182 2131 2225 anum
2170 2164 2367 2226 eidem

340 2252 502 2312 fumo
549 2252 782 2333 offerat3
836 2254 899 2312 in
954 2255 1184 2314 recenti
1226 2254 1421 2314 taedio
1468 2253 1581 2313 hoc
1626 2253 1959 2314 remedium
2003 2261 2096 2314 ter
2131 2254 2369 2315 sfactum

340 2338 667 2421 subveniet,
713 2342 775 2400 in
822 2347 1023 2401 vetere
1072 2360 1210 2402 vero
1256 2342 1451 2403 taedio
1500 2342 1737 2420 saepius
1782 2342 1914 2402 fieri
1960 2351 2216 2421 oportet.

231 2440 300 2489 49
520 2427 607 2487 Ad
654 2428 840 2510 idem,
896 2429 1052 2508 quod
1108 2438 1169 2492 et
1214 2430 1491 2492 libidines
1538 2430 1825 2491 offerendi
1872 2438 1932 2491 et
1976 2437 2228 2492 conatus
2273 2450 2366 2492 re·

338 2519 585 2596 primet:
645 2516 936 2596 Ceparum
981 2518 1373 2581 rotundarum
1422 2518 1514 2580 vel
1559 2520 1735 2580 etiam
1781 2516 2031 2579 aliarum
2076 2518 2218 2581 solia
2262 2529 2367 2582 aut
2393 2538 2447 2578 ιο

339 2608 596 2667 cortices
643 2608 832 2667 siccas
875 2615 935 2668 et
980 2609 1173 2688 picem
1221 2609 1431 2669 duram
1468 2606 1644 2668 simul
1682 2607 2041 2669 carbonibus
2077 2609 2367 2670 incendes

338 2702 400 2755 et
443 2713 600 2774 vaso,
647 2702 714 2756 ut
760 2697 1041 2775 superius
1077 2696 1301 2759 dictum
1341 2706 1450 2778 est,
1497 2695 1778 2757 concluso
1817 2696 2053 2757 sedebis
2090 2705 2152 2758 et
2189 2716 2365 2759 cona-

338 2792 435 2845 tus
491 2783 686 2863 dahis,
740 2791 809 2845 ut
862 2785 1062 2845 sumus
1120 2793 1180 2846 et
1238 2804 1417 2865 vapor
1474 2804 1584 2847 ano
1642 2787 2030 2866 suscipiatur,
2077 2804 2364 2864 praesens

338 2875 665 2952 experieris
711 2872 1059 2934 remedium.

231 2970 300 3021 50
516 2961 858 3041 Conpositio
916 2963 1102 3023 ceroti
1159 2962 1229 3023 ad
1286 2963 1425 3023 vitia
1481 2964 1580 3022 ani
1634 2964 1749 3023 sic:
1815 2961 2069 3042 Spumae
2127 2966 2362 3042 argenti
2387 2979 2440 3021 eo

340 3081 422 3091 —
460 3048 531 3129 Il,
570 3058 766 3110 cretae
806 3048 1084 3111 Cimoliae
1128 3042 1204 3136 9-
1243 3049 1314 3133 11,
1350 3069 1523 3112 cerae
1560 3049 1817 3111 Punicae
1857 3044 1936 3136 ›9‘
1972 3049 2044 3132 ΙΙ,
2081 3070 2361 3113 cerussae

335 3136 542 3218 -113
597 3156 746 3217 quae
803 3140 998 3199 omnia
1056 3139 1127 3199 ad
1190 3157 1481 3200 summam
1526 3138 1824 3201 levitatem
1870 3147 2177 3221 teruntur,
2234 3148 2361 3202 tum

334 3229 397 3287 in
444 3244 581 3288 vase
630 3234 910 3305 argenteo
958 3246 1093 3288 cera
1142 3246 1280 3289 cum
1323 3228 1452 3289 oleo
1489 3247 1663 3289 roseo
1702 3230 2046 3310 remittitur,
2092 3231 2179 3290 sic
2226 3230 2360 3290 reli-

230 3327 296 3374 51
337 3333 452 3394 qua
509 3314 975 3378 confunduntur.
1059 3315 1399 3397 Conpositio
1456 3316 1528 3377 ad
1585 3318 1683 3377 ani
1732 3319 1871 3379 vitia
1917 3320 2031 3378 sic:
2090 3317 2360 3399 CecidoS,

514 3456 546 3504 3
586 3451 1017 3522 conprehensus.
1225 3459 1257 3507 8
1297 3453 1468 3522 atque
1503 3450 1611 3524 ita]
1651 3452 1838 3509 calita..
2051 3458 2118 3508 10
2153 3455 2359 3509 testam

337 3520 656 3576 cormarine.
818 3527 885 3575 18
920 3524 1070 3577 testa
1109 3523 1427 3579 Gornariue.
1591 3529 1660 3579 20
1696 3524 1785 3594 ut]
1824 3525 1900 3579 et.
2071 3530 2140 3579 22
2180 3541 2360 3580 reme-

335 3589 445 3645 dio.
629 3596 697 3644 25
737 3606 1052 3661 caeparum.
1199 3600 1265 3649 31
1306 3596 1525 3649 craetae
1563 3594 1893 3651 chimoniae.
