2575 4092
998 248 1435 313 -59-

217 427 382 470 neum
426 413 503 471 ita
542 418 609 472 ut
647 411 931 472 adsuetus
970 420 1061 472 est
1100 420 1309 473 sumat.
1385 411 1631 474 Postero
1674 413 1769 473 die
1809 414 1861 473 si
1898 430 2013 493 qua
2051 416 2226 474 vesti-

162 513 168 520 ·
216 500 301 576 gia
353 500 665 580 epiphorae
723 503 1144 581 remanserint,
1198 502 1408 581 inungi
1464 501 1706 581 collyrio
1753 501 1950 582 aliquo
1997 503 2226 564 acriore

212 596 408 666 aquato
463 588 576 649 sub
631 607 879 669 vespere
934 589 1112 651 debet
1171 599 1232 650 et
1290 607 1499 650 rursus
1549 592 1612 650 in
1657 589 1932 652 balneum
1982 591 2121 652 duci
2167 600 2228 652 et

210 677 398 737 vinum
444 677 667 738 bibere.
742 677 867 739 Hoc
912 679 1086 739 modo
1124 697 1244 739 uno
1284 679 1469 739 ferme
1508 678 1604 740 die
1641 678 1885 741 tolletur
1922 680 2226 761 epiphora,

162 783 185 824 5
207 768 513 845 praecipue
567 768 862 846 incipiens
919 785 1115 847 neque
1171 767 1365 828 adhuc
1412 766 1525 828 alio
1574 767 2003 829 medicamento
2051 777 2225 829 tacta.

208 853 316 914 Sed
379 857 430 915 si
485 874 552 916 ea
608 858 699 915 vis
755 856 936 916 fuerit
991 857 1341 938 epiphorae,
1410 866 1476 917 ut
1531 875 1649 917 non
1705 856 1877 918 cedat
1933 875 2051 918 uno
2109 858 2222 938 die,

202 947 494 1022 expectari
532 944 847 1025 oportebit,
884 945 1074 1005 donec
1112 947 1353 1024 inpetus
1392 947 1522 1006 eius
1551 946 1811 1027 sedetur,
1850 955 1909 1007 et
1937 949 2019 1007 ita
2047 964 2225 1024 aeger

203 1032 259 1091 in
294 1031 566 1095 balneum
597 1032 851 1094 ducatur
887 1041 1205 1114 ceteraque
1248 1035 1410 1115 fiant,
1453 1052 1603 1113 quae
1632 1036 2047 1114 praecepimus
2075 1035 2222 1096 fleri.

201 1119 350 1181 Idem
406 1123 521 1182 hoc
575 1122 1072 1183 medicamentum
1120 1124 1298 1184 etiam
1345 1138 1524 1202 supra
1573 1123 1777 1185 oculos
1824 1122 2060 1185 inlitum
2109 1135 2224 1185 tar·

132 1229 177 1268 10
201 1208 325 1270 dius
384 1210 658 1291 quidem,
725 1211 828 1272 sed
893 1210 1136 1272 eosdem
1202 1213 1451 1273 effectus
1508 1221 1793 1292 praestat,
1857 1214 2108 1274 maxime
2161 1214 2222 1273 in

199 1301 410 1360 teneris
475 1299 859 1381 corporibus,
925 1309 992 1361 ut
1056 1299 1373 1361 mulierum
1430 1309 1492 1362 et
1545 1319 1900 1383 puerorum,
1966 1319 2222 1381 quorum

197 1387 342 1448 oculi
397 1388 624 1451 nullius
679 1389 1097 1450 medicamenti
1145 1392 1261 1449 vim
1307 1392 1605 1451 sustinere
1654 1399 1922 1469 possunt.
1997 1389 2223 1452 Triduo

195 1484 380 1537 autem
435 1485 544 1539 aut
598 1476 929 1556 quadriduo
985 1477 1337 1558 plerumque
1402 1478 1556 1539 tollit
1619 1478 1885 1540 dolorem
1951 1479 2220 1541 adiutum

195 1568 282 1624 ovi
322 1568 627 1628 infusione
665 1575 726 1626 et
763 1585 947 1646 aquae
985 1566 1207 1627 calidae
1246 1585 1480 1646 vapore.
1560 1566 1901 1645 Conpositio
1950 1566 2219 1647 collyrio·
2257 1577 2290 1626 2

126 1673 170 1714 15
193 1671 335 1736 rum,
382 1674 564 1735 quam
612 1657 863 1715 maxime
909 1655 1115 1736 probo,
1163 1655 1234 1716 ad
1284 1663 1558 1716 recentes
1600 1654 1916 1734 epiphoras
1953 1655 2046 1715 vel
2083 1674 2221 1716 con·

191 1743 558 1805 turbationes
614 1743 923 1805 oculorum
980 1752 1365 1823 tumoresque
1421 1753 1483 1804 et
1527 1743 1790 1805 dolores:
1855 1743 2216 1822 plantaginis

190 1834 355 1893 tritae
404 1835 542 1894 suci
587 1832 829 1912 cyathos
874 1832 929 1892 11
975 1835 1093 1894 teri
1137 1832 1439 1912 oportebit
1485 1851 1622 1894 cum
1664 1850 1841 1893 croco
1891 1832 2048 1911 quod
2098 1833 2217 1893 suf·

191 1921 366 2002 ficiat,
427 1922 490 1983 id
551 1932 644 1982 est
698 1922 957 1981 denariis
1003 1921 1263 2003 duobus»,
1320 1921 1536 1983 deinde
1583 1930 1810 2001 cetera,
1867 1938 2018 1999 quae
2065 1921 2219 1982 inira

190 2012 403 2090 scripta
451 2018 622 2090 sunt,
680 2011 994 2071 admisceri
1038 2009 1231 2090 pridie
1280 2018 1571 2072 macerata
1620 2028 1757 2071 cum
1805 2028 1949 2071 suco
1997 2009 2219 2071 herbae

116 2118 163 2158 20
189 2117 360 2177 supra
407 2101 689 2180 scriptae,
736 2099 794 2159 id
842 2106 935 2159 est
981 2098 1141 2160 aloes
1184 2098 1419 2161 Indicae
1458 2099 1509 2159 X
1546 2098 1671 2180 1111,
1718 2101 1973 2179 gummis
2004 2099 2055 2159 X
2083 2099 2219 2181 11113

186 2196 382 2265 postea
428 2187 703 2251 eiusdem
741 2186 1096 2266 plantaginis
1134 2191 1265 2249 suci
1301 2189 1547 2268 cyathos
1584 2189 1735 2249 duos
1773 2187 1927 2269 addi,
1973 2196 2043 2250 ut
2081 2207 2219 2250 cum

184 2277 431 2355 spissata
488 2277 676 2338 fuerit
731 2277 1099 2356 commixtio,
1165 2277 1404 2357 collyria
1469 2278 1785 2356 fingantur.
1887 2276 2220 2357 Utrumque

184 2375 375 2427 autem
451 2383 647 2446 genus
711 2365 1128 2426 medicamenti
1184 2367 1399 2426 eximie
1463 2366 1749 2445 prodesse
1818 2365 2017 2427 iudico
2083 2384 2218 2444 pro-

181 2456 430 2532 prietate
484 2454 764 2536 quadam,
818 2454 921 2514 sed
969 2456 1287 2533 praecipue
1336 2455 1493 2533 quod
1542 2454 1764 2516 nullam
1809 2456 1870 2514 in
1919 2472 1983 2516 se
2031 2456 2216 2533 aspri·

110 2561 158 2602 25
181 2544 449 2605 tudinem
498 2541 696 2624 habet,
745 2551 811 2603 ut
847 2542 1147 2622 pleraque,
1196 2542 1415 2622 quibus
1454 2543 1578 2604 fere
1621 2545 1995 2621 inunguntur
2031 2543 2219 2603 homi·

181 2650 299 2693 nes.
412 2633 564 2693 Nam
632 2649 782 2710 quae
839 2650 911 2692 ex
978 2632 1205 2692 cadmia
1269 2639 1371 2692 aut
1435 2650 1571 2692 aere
1633 2640 1765 2692 usto
1831 2631 2218 2711 eiusdemque

179 2725 415 2798 generis
463 2721 785 2800 pigmentis
831 2730 1279 2801 conponuntur,
1327 2722 1594 2800 quamvis
1643 2721 1879 2781 curiose
1925 2728 2219 2801 terantur,

180 2817 454 2871 naturam
521 2818 719 2870 tamen
789 2827 954 2869 suam
1022 2811 1293 2870 amittere
1358 2827 1480 2869 non
1543 2818 1825 2889 possunt;
1895 2826 2218 2888 numquam

179 2901 336 2959 enim
391 2909 464 2960 ut
524 2916 704 2959 sucus
761 2897 1099 2979 diluuntur,
1156 2898 1259 2958 sed
1318 2917 1456 2959 cum
1512 2898 1585 2958 ad
1643 2915 1931 2958 summam
1981 2897 2211 2977 suptili-

107 3003 154 3043 so
179 2994 359 3048 tatem
407 2986 700 3067 perducta
745 2995 902 3068 sunt,
950 2995 1146 3047 tamen
1185 2988 1357 3065 quasi
1392 2985 1804 3066 pulverulenta
1841 3004 2087 3047 necesse
2127 2994 2219 3047 est

177 3084 486 3157 maneant,
535 3094 683 3155 quae
732 3075 1040 3136 oculorum
1090 3084 1291 3155 partes
1337 3075 1498 3136 velut
1541 3075 1870 3157 configunt,
1916 3083 2081 3137 certe
2121 3095 2218 3136 ex-

176 3167 366 3227 terius
416 3172 696 3245 pungunt
740 3163 1028 3224 foramina
1074 3167 1301 3243 primae
1349 3163 1649 3225 tuniculae
1687 3163 1864 3246 oculi,
1910 3164 1984 3225 ab
2031 3166 2218 3225 initiis

177 3254 441 3316 adhibita
503 3253 804 3313 interdum
858 3252 1260 3314 molestiorem
1318 3253 1579 3314 futuram
1627 3254 1928 3313 concitant
1974 3254 2216 3333 epipho-

179 3361 319 3404 ram.
417 3341 552 3412 Quo
606 3344 845 3402 nomine
905 3343 1083 3402 etiam
1131 3341 1288 3421 quod
1338 3341 1435 3402 dia
1480 3342 1715 3420 glauciu
1763 3342 1983 3403 dicitur
2028 3340 2217 3420 probo
2256 3352 2290 3400 3

318 3486 352 3534 2
393 3476 677 3547 inungeri.
789 3482 821 3530 3
858 3477 1078 3532 balneo.
1182 3483 1213 3532 6
1253 3476 1527 3531 concedat
1565 3475 1884 3531 Carnarius,
1987 3482 2019 3529 8
2057 3491 2219 3544 prae-

178 3550 441 3619 cipimuS.
591 3552 658 3602 16
695 3549 1070 3615 tumuresque.
1219 3554 1286 3602 27
1325 3549 1757 3618 pigmentorum.
1897 3551 1963 3599 32
2004 3547 2075 3600 ad
2111 3545 2219 3600 ini-

175 3620 357 3678 nieiis.
516 3625 582 3673 33
623 3619 1011 3675 concitantem.
