2575 4092
1139 225 1576 290 ...16-

336 400 602 455 mentum
658 393 789 453 eius
844 393 1082 471 generis
1143 390 1546 452 remediorum
1604 389 1850 466 habent,
1914 391 2130 451 merito
2194 406 2371 450 accu-

339 482 506 543 sandi
553 487 712 563 sunt,
761 481 921 560 quod
967 488 1089 542 tam
1135 478 1518 559 neglegentes
1564 479 1626 540 in
1664 487 1787 541 tam
1825 480 2162 541 necessaria
2198 485 2372 557 parte

338 573 485 632 artis
532 571 784 650 fuerint,
831 571 955 631 sive
1003 570 1235 649 experti
1282 568 1525 648 quidem
1578 576 1719 630 sunt
1774 586 1983 630 eorum
2032 566 2372 649 utilitatem,

339 661 634 738 denegant
680 667 877 719 autem
923 676 1119 741 usum,
1165 659 1352 736 magis
1399 656 1677 738 culpandi
1724 666 1881 739 sunt,
1936 659 2072 737 quia
2119 657 2372 718 crimine

337 749 697 810 invidentiae
745 747 1020 830 flagrant,
1078 746 1235 827 quod
1287 746 1507 808 malum
1554 764 1690 808 cum
1738 746 2015 808 omnibus
2061 748 2374 807 animanti·
2429 763 2455 803 5

338 837 452 899 bus
500 839 756 898 invisum
806 836 1016 898 debeat
1062 854 1221 917 esse,
1276 844 1408 897 tum
1461 837 1782 915 praecipue
1829 835 2104 918 medicis,
2152 834 2373 914 quibus

338 928 458 987 nisi
492 925 706 1007 plenus
746 925 1189 988 misericordiae
1229 933 1290 986 et
1326 924 1712 986 humanitatis
1750 927 1983 986 animus
2022 932 2113 986 est
2160 941 2373 985 secun-

339 1015 482 1076 dum
554 1018 746 1094 ipsius
809 1015 1197 1094 professionis
1262 1013 1660 1096 voluntatem,
1733 1014 2072 1076 hominibus
2137 1012 2373 1092 diisque

268 1116 304 1165 4
341 1104 619 1165 omnibus
673 1105 850 1165 invisi
904 1103 1124 1165 debent
1169 1121 1320 1164 esse.
1403 1103 1633 1164 idcirco
1687 1121 1762 1163 ne
1809 1102 2083 1165 hostibus
2130 1101 2376 1181 quidem

340 1193 560 1255 malum
615 1193 1115 1254 medicamentum
1181 1191 1371 1273 dabit,
1439 1194 1543 1272 qui
1607 1200 1977 1253 sacramento
2044 1191 2375 1252 medicinae
2406 1209 2459 1248 ιο

339 1281 600 1363 legitime
640 1289 732 1343 est
769 1280 1092 1362 obligatus;
1131 1280 1235 1342 sed
1273 1288 1674 1361 persequetur
1711 1300 1832 1363 eos,
1871 1300 2007 1342 cum
2041 1299 2141 1341 res
2167 1287 2376 1359 postu-

339 1370 563 1451 laverit,
611 1379 679 1432 ut
723 1370 984 1432 militans
1032 1378 1092 1431 et
1138 1372 1284 1431 civis
1332 1370 1524 1432 bonus
1561 1371 1723 1431 omni
1759 1370 1953 1451 mod0,
2006 1371 2144 1450 quia
2188 1369 2375 1430 medi-

339 1464 472 1522 cina
518 1478 638 1521 non
685 1460 923 1521 fortuna
968 1477 1165 1538 neque
1207 1461 1484 1539 personis
1520 1461 1793 1520 aestimat
1829 1460 2118 1540 homines,
2163 1475 2377 1518 verum

340 1549 668 1629 aequaliter
723 1547 1001 1611 omnibus
1057 1547 1494 1628 inplorantibus
1542 1549 1768 1610 auxilia·
1807 1566 1913 1609 sua
1958 1555 2376 1628 porrecturam

341 1647 402 1699 et
447 1656 870 1701 succursuram
920 1656 984 1699 se
1029 1637 1352 1717 pollicetur
1397 1637 1664 1717 nullique
1710 1655 1991 1717 umquam
2038 1639 2376 1698 nocituram
2406 1654 2459 1694 15

269 1737 300 1786 5
340 1728 672 1808 profitetur.
737 1726 1150 1809 HippocrateS,
1187 1727 1462 1788 conditor
1489 1734 1728 1787 nostrae
1755 1727 2165 1807 professionis,
2205 1726 2378 1786 initia

340 1817 686 1898 disciplinae
727 1816 800 1878 ab
837 1817 1223 1879 iureiurando
1261 1815 1524 1896 tradidit,
1569 1818 1633 1876 in
1681 1834 1798 1895 quo
1842 1822 2112 1876 sanctum
2152 1825 2260 1895 est,
2308 1821 2378 1876 ut

341 1926 416 1967 ne
472 1908 780 1986 praegnati
827 1905 1068 1985 quidem
1114 1904 1640 1985 medicamentum,
1697 1923 1815 1984 quo
1873 1911 2229 1984 conceptum
2276 1921 2375 1963 ex·

342 1998 594 2076 cutitur,
642 2003 745 2056 aut
799 1994 975 2055 detur
1023 2002 1124 2054 aut
1171 1993 1617 2054 demonstretur
1680 2012 1712 2055 a
1769 2011 2067 2073 quoquam
2121 1992 2375 2074 medico,

341 2083 617 2145 videlicet
661 2083 836 2162 longe
883 2083 1292 2163 praeformans
1330 2084 1559 2143 animos
1599 2083 1956 2145 discentium
1994 2081 2065 2143 ad
2104 2081 2374 2142 humani·
2406 2100 2461 2139 20

341 2180 542 2234 tatem.
626 2171 744 2243 Qui
791 2174 948 2232 enim
997 2171 1162 2232 nefas
1209 2173 1679 2233 existimaverint
1725 2190 1830 2251 spe
1878 2170 2057 2232 dubia
2102 2170 2377 2231 homines

341 2259 603 2342 laedere,
669 2268 958 2341 quantum
1014 2258 1329 2321 scelestius
1382 2261 1651 2340 perfecto
1708 2263 1824 2321 iam
1879 2278 2098 2322 nocere
2152 2259 2377 2321 iudica-

340 2346 534 2410 bunt?
614 2349 811 2427 Magni
857 2367 999 2428 ergo
1047 2351 1379 2411 aestimavit
1423 2368 1641 2410 nomen
1688 2350 1992 2430 decusque
2045 2348 2376 2410 medicinae

341 2456 696 2500 conservare
743 2441 842 2517 pio
881 2445 1207 2518 sanctoque
1244 2440 1441 2499 animo
1481 2456 1779 2518 quemque
1818 2438 2147 2500 secundum
2183 2439 2377 2517 ipsius

339 2529 715 2608 propositum
745 2545 808 2588 se
838 2535 1172 2609 gerentem3
1212 2529 1462 2588 scientia
1490 2529 1650 2589 enim
1679 2528 1941 2609 sanandi,
1969 2545 2089 2588 non
2119 2526 2378 2588 nocendi
2405 2544 2465 2585 25

343 2624 435 2677 est
479 2617 789 2678 medicina.
862 2616 1028 2689 Quae
1074 2619 1192 2677 nisi
1238 2618 1403 2676 omni
1446 2624 1615 2696 parte
1663 2636 1770 2678 sua
1807 2616 1982 2696 plene
2021 2616 2275 2677 excubat
2310 2618 2377 2676 in

342 2704 557 2767 auxilia
605 2704 1021 2788 laborantium,
1067 2723 1188 2766 non
1236 2713 1501 2785 praestat
1549 2724 1722 2786 quam
1771 2705 2087 2787 pollicetur
2123 2705 2377 2766 homini-

273 2805 304 2854 6
342 2793 457 2856 bus
512 2795 975 2858 misercordiam.
1059 2794 1346 2856 Desinant
1402 2812 1569 2877 ergo,
1632 2797 1736 2875 qui
1789 2795 2074 2875 prodesse
2122 2794 2378 2855 adflictis

342 2891 445 2946 aut
500 2883 711 2944 nolunt
770 2892 874 2945 aut
927 2902 1049 2945 non
1103 2891 1381 2964 possunt,
1440 2883 1586 2944 alios
1634 2902 1872 2964 quoque
1920 2883 2228 2946 deterrere
2274 2901 2378 2944 ne-

343 2972 532 3052 gando
581 2974 775 3052 aegris
823 2972 1064 3054 auxilia,
1123 2990 1272 3052 quae
1322 2991 1429 3052 per
1475 2975 1594 3034 vim
1639 2972 2210 3034 medicamentorum
2259 2972 2377 3033 fre·
2408 2990 2471 3031 so

343 3069 597 3141 quenter
655 3061 1028 3124 exhibentur.
1120 3060 1359 3122 Etenim
1419 3064 1587 3141 quasi
1644 3081 1752 3141 per
1808 3062 2028 3141 gradus
2090 3061 2381 3142 quosdam

341 3150 637 3211 medicina
673 3149 1081 3212 laborantibus
1120 3152 1439 3213 succurrit.
1499 3150 1647 3211 Nam
1676 3153 1937 3231 primum
1967 3149 2118 3212 cibis
2147 3153 2380 3212 ratione

344 3247 601 3319 aptoque
648 3247 916 3321 tempore
964 3240 1117 3301 datis
1164 3247 1414 3318 temptat
1459 3240 1745 3319 prodesse
1783 3239 2231 3322 languentibus3
2278 3239 2380 3300 de-

343 3328 482 3389 inde
522 3331 573 3390 si
610 3328 683 3389 ad
713 3328 823 3390 hos
851 3348 971 3391 non
999 3328 1380 3410 responderit
1416 3331 1664 3412 curatio,
1702 3329 1773 3390 ad
1808 3329 2382 3391 medicamentorum

488 3470 520 3519 3
568 3465 719 3519 artes
765 3470 876 3519 1m.
1059 3470 1091 3520 6
1137 3464 1199 3519 in
1244 3464 1449 3535 quibus
1490 3465 1812 3522 Gornarius.
2011 3471 2076 3520 13
2113 3463 2379 3521 bominis.

348 3541 417 3590 14
458 3539 788 3606 protectura.
833 3536 986 3607 (raa.)
1170 3540 1235 3590 15
1279 3540 1338 3592 et
1373 3553 1473 3594 om.
1658 3541 1723 3591 17
1764 3536 1861 3608 ab]
1900 3537 1986 3593 ad.
2173 3542 2238 3591 19
2279 3538 2383 3592 aut

346 3605 533 3678 detur]
573 3607 810 3663 audetur
844 3612 942 3663 lm
979 3606 1242 3663 audietur
1278 3613 1399 3665 2m.
1545 3614 1612 3663 22
1653 3610 1864 3676 quanto
1904 3606 2225 3664 Gornarius.
