2575 4092
1161 222 1554 285 -4-

335 405 481 457 κους
509 376 582 462 β’.
619 377 686 443 Ὁ
714 380 993 462 μέδιμνος
1021 381 1137 463 ἔχει
1163 377 1408 464 ἧμίεκτα
1436 381 1536 464 ιβ’,
1572 378 1646 446 τὸ
1673 377 1950 464 ἡμίεκτον
1977 383 2092 464 ἔχει
2120 389 2261 464 χοῦς
2289 381 2348 465 β’
2348 430 2369 464 ,

334 466 368 533 ὃ
397 475 537 551 χοῦς
573 471 689 552 ἔχει
724 472 987 551 χοίνικας
1024 469 1081 552 β’
1083 517 1102 552 ,
1139 466 1178 552 ἡ
1208 473 1395 552 χοῖνιξ
1423 472 1539 553 ἔχει
1566 469 1813 548 κοτύλας
1842 469 1917 552 δ’,
1943 467 1982 553 ἡ
2010 469 2290 553 κοτύλη”
2254 497 2371 555 εχει

332 553 639 640 ἡμίξεστον
667 558 743 638 α’,
780 555 845 622 τὸ
870 562 1149 641 τρυβλίον
1178 559 1244 623 δὲ
1271 557 1486 642 κοτύλη
1516 560 1670 624 ἐστὶν
1689 557 1937 642 Ἀττική,
1963 557 2029 625 τὸ
2057 558 2372 643 ὀξύβαφον

336 646 401 710 δὲ
428 645 697 730 τέταρτόν
726 649 844 712 ἐστι
870 645 1191 730 κοτύλης,“
1166 675 1199 713 ο
1220 646 1514 726 κύαθος“
1479 674 1649 714 εκτον
1676 650 1791 713 ἐστὶ
1815 647 2077 731 κοτύλης.
2107 647 2187 712 Ἡ
2210 650 2369 762 χήμη

334 734 464 818 ἄγει
499 732 681 819 ὁλκὴν
717 740 875 819 μίαν.
932 733 1017 800 Ἡ
1035 734 1351 820 Ἑλληνικὴ
1390 736 1606 820 κοτύλη
1642 744 1748 803 τοῦ
1776 740 1975 803 ἐλαίου
2003 741 2118 851 ἔχει
2146 735 2203 803 λι
2231 739 2307 819 α’,
2337 766 2360 804 (

336 824 401 936 «ξὲ
430 825 631 906 ξέστης
659 823 717 889 λι
737 821 818 908 β’,
849 852 882 890 ο
912 825 977 890 δὲ
1005 824 1260 903 ἰταλικὸς
1290 827 1489 908 ξέστης
1516 825 1574 891 λι
1594 825 1651 890 α’
1678 841 1736 894 5.
1781 833 1986 910 Δῆλον
2015 821 2126 892 οὗν
2154 826 2242 892 ότι
2268 830 2373 892 καὶ

332 910 372 995 ἡ
413 912 638 996 ἰταλικὴ
675 912 891 996 κοτύλη
929 916 1044 997 ἔχει
1081 915 1130 979 Γ
1160 914 1244 996 θ’,
1281 912 1321 998 ἡ
1362 915 1427 980 δὲ
1458 914 1871 999 Ἀλεξανδρινὴ
1912 915 2126 998 κοτύλη
2167 918 2371 982 ἐλαίου

335 1002 445 1085 μὲν
480 1005 596 1086 ἔχει
634 1002 682 1067 Ιῗ
709 1001 789 1085 η’,
827 1006 999 1068 οἴνου
1037 1003 1102 1069 δὲ
1140 1005 1188 1070 Ιῗ
1216 1003 1297 1069 θ’.

519 1088 599 1157 Τὸ
638 1091 921 1177 κεράμιον
956 1094 1073 1176 ἔχει

783 1183 982 1246 ἐλαίου
1262 1186 1433 1247 οἴνου
1706 1183 1929 1265 μέλιτος

792 1266 849 1334 λι
878 1268 973 1353 οβ’
1277 1271 1336 1336 λι
1366 1270 1430 1336 π’
1734 1270 1792 1336 λι
1820 1272 1907 1354 ρκ’

520 1355 600 1423 Τὸ
636 1356 884 1443 κόγγιον
919 1361 1035 1441 ἔχει
1419 1370 1425 1377 “

808 1445 867 1512 λι
893 1448 958 1511 θ’
1291 1448 1348 1514 λι
1375 1476 1397 1513 ι
1743 1447 1801 1515 λι
1829 1448 1898 1514 ιε’

504 1532 571 1599 Ὁ
608 1536 808 1618 ξέστης
844 1538 962 1620 ἔχει

811 1624 860 1688 [3
886 1624 968 1708 ιη’
1194 1626 1252 1691 λι
1280 1625 1338 1691 α’
1366 1627 1414 1692 F·-
1442 1625 1501 1710 η’
1710 1627 1768 1693 λι
1796 1626 1855 1711 β’
1880 1643 1919 1696 5

503 1711 591 1777 ‘H
617 1714 832 1797 κοτύλη
872 1717 989 1798 ἔχει
1340 1739 1344 1742 ’

808 1803 857 1867 [3
884 1802 954 1869 θ’
1283 1806 1332 1871 Ιῗ
1363 1803 1402 1870 ι’
1672 1806 1730 1871 λι
1760 1805 1817 1870 α’
1843 1806 1892 1870 [3'
1920 1809 1974 1890 γ’

504 1889 571 1955 Ὁ
607 1890 844 1970 κύαθος
889 1895 1004 1976 ἔχει

764 1980 964 2049 Foc'fi
1138 1980 1544 2067 Foc'fiyo.6'
1692 1981 1910 2066 Fss'fi.

365 2199 716 2271 Epistulae
763 2200 1195 2260 diversorum
1242 2204 1328 2260 de
1376 2204 1708 2274 qualitate
1755 2207 1826 2262 et
1871 2204 2349 2262 observatione

1156 2310 1553 2369 medicinae.

456 2461 763 2543 Largius
810 2434 1372 2543 Designatian'us
1420 2465 1603 2526 filiis
1650 2467 1803 2527 suis
1852 2465 2157 2528 salutem
2204 2467 2258 2527 d

519 2605 664 2685 Legi
729 2604 977 2667 antehac
1033 2606 1415 2686 Hippocratis
1471 2607 1576 2668 Coi
1636 2607 1978 2690 epistulam,
2043 2610 2374 2671 medicinae

342 2696 604 2756 auctoris
659 2681 782 2755 vel
815 2697 1210 2800 peritissimi,
1258 2714 1436 2776 quam
1500 2696 1574 2757 de
1629 2696 1852 2758 tuenda
1904 2697 2241 2760 valetudine
2299 2699 2372 2759 ad

342 2783 700 2845 Antiochum
748 2801 950 2862 regem
998 2787 1314 2864 scripsisse
1361 2786 1579 2868 fertur3
1636 2787 1809 2846 cuius
1866 2788 2004 2866 quia
2053 2797 2375 2867 praecepta

227 2931 235 2939 ,
341 2881 404 2934 et
449 2875 675 2934 monita
720 2872 888 2934 vobis
936 2874 1006 2934 ad
1057 2873 1264 2935 salutis
1312 2875 1643 2936 custodiam
1688 2882 1829 2936 nota
1885 2894 2195 2958 cuperem,
2253 2877 2370 2938 col·

341 2961 476 3044 legi,
524 2970 592 3023 ut
636 2963 823 3042 potui,
867 2963 1156 3043 quidquid
1196 2965 1413 3024 seriem
1451 2966 1582 3024 eius
1621 2966 1928 3025 continere
1966 2968 2372 3047 memineram,
2430 2985 2457 3026 5

344 3068 592 3130 eamque
640 3069 744 3112 ore
782 3051 1046 3113 Romano
1084 3054 1487 3131 interpretans
1535 3054 1766 3132 scripsi.
1837 3052 1994 3135 Cavi,
2042 3054 2249 3136 fateor,
2295 3073 2372 3115 ne

342 3140 415 3201 ad
462 3139 710 3201 verbum
756 3140 936 3202 verba
982 3141 1387 3222 transferrem,
1436 3160 1554 3222 quo
1592 3143 1790 3203 minus
1828 3142 2110 3223 pleraque
2148 3144 2373 3224 lingua-

345 3247 478 3289 rum
526 3229 871 3292 diversitate
920 3238 1349 3312 congruerent,
1402 3232 1452 3291 si
1498 3249 1709 3310 parum
1755 3231 2037 3312 ponderis
2084 3235 2145 3294 in
2193 3235 2372 3312 signi-

485 3382 772 3453 Incipiunt
799 3382 1078 3453 epistulae
1107 3383 1458 3440 diversorum
1487 3382 1558 3437 de
1586 3383 1860 3452 qualitate
1893 3388 1951 3442 et
1980 3386 2372 3443 observatione

343 3454 672 3510 medicinae.
712 3453 802 3510 Ab
838 3456 925 3510 his
960 3456 1139 3511 verbis
1175 3457 1342 3512 codex
1377 3455 1772 3512 Laudunensis
1806 3457 2025 3528 incipit.

490 3532 519 3579 1
567 3529 700 3582 ante
746 3525 893 3581 hanc
940 3529 1059 3582 2m.
1206 3532 1237 3581 2
1283 3525 1660 3583 valetitudine
1708 3533 1740 3582 1
1753 3544 1806 3583 m
1851 3527 2214 3586 valititudine
2252 3535 2374 3587 2m.

346 3601 378 3650 5
419 3598 576 3652 serie.
684 3600 691 3605 “
723 3603 755 3652 6
793 3614 948 3653 more
987 3599 1172 3654 littera
1208 3617 1265 3652 m
1301 3614 1477 3668 supra
1513 3598 1718 3654 lv'meam
1754 3600 1965 3657 addita.
2111 3617 2264 3657 cave.
