2575 4092
975 240 1460 306 —355—

181 393 443 483 oportet
497 401 570 463 ad
625 401 819 464 mellis
874 403 1325 483 spissitudinem
1378 411 1555 483 atque
1611 406 1693 465 ita
1746 404 1958 484 pyxide
2015 422 2231 466 cornea

182 493 433 570 reponi.
505 489 716 553 Melius
764 509 905 552 sane
952 502 1044 553 est
1090 510 1302 553 recens
1347 492 1462 553 boc
1498 493 2011 574 medicamentum,
2058 494 2231 554 cuius

183 598 354 641 usus
401 579 533 640 talis
580 587 698 642 est:
745 579 809 640 ld
856 582 1071 660 ipsum,
1118 581 1276 659 quod
1325 581 1684 642 destinatum
1732 583 1848 642 erit
1894 583 2022 642 sine
2069 581 2231 641 ferro

184 667 362 748 tolli,
425 668 485 728 id
541 669 672 747 ipso
737 668 981 749 specillo
1047 669 1119 731 de
1176 670 1292 731 hoc
1355 670 1744 731 medicamine
1809 668 2108 731 oblinetur
2172 677 2235 730 et

123 774 156 817 5
189 775 348 819 cum
402 757 547 817 satis
601 758 771 837 nigei·
824 757 1019 838 locus,
1076 759 1176 819 cui
1229 760 1563 840 inponitur,
1620 766 1680 819 et
1736 760 1907 837 quasi
1949 766 2234 838 perustus

188 847 372 907 visus
409 845 608 920 fuerit,
649 853 779 906 tum
816 845 1116 926 oportebit
1152 866 1273 907 non
1310 848 1455 927 poni
1491 847 2007 926 medicamentum,
2054 848 2232 908 immo

191 936 387 995 etiam
430 932 762 1013 abstergeri
817 942 879 995 et
922 952 1136 1013 panem
1182 953 1255 995 ex
1301 953 1454 1015 aqua
1499 944 1562 997 et
1605 952 1742 995 rosa
1788 935 2129 996 confectum
2173 942 2235 996 et

192 1025 418 1085 tritum
463 1024 685 1101 inponi.
754 1022 882 1084 Hoc
921 1030 982 1085 et
1018 1030 1277 1085 strumas
1316 1032 1499 1103 sanat,
1547 1031 1863 1103 antequam
1903 1041 2233 1102 suppuren-

193 1120 325 1173 tur.
408 1110 658 1189 Oportet
699 1118 917 1193 autem,
963 1130 1101 1173 cum
1145 1111 1260 1173 boc
1305 1113 1804 1174 medicamentum
1851 1118 2115 1173 crustam
2152 1111 2233 1171 fe-

104 1217 165 1258 ιο
197 1201 362 1262 cerit
405 1201 468 1260 in
514 1201 779 1279 strumiS,
826 1199 1054 1261 nullum
1099 1200 1258 1262 aliud
1307 1200 1593 1263 adhiberi.
1672 1200 1821 1262 Cum
1858 1218 1998 1261 vero
2036 1198 2232 1279 aliqua
2271 1214 2338 1264 77

197 1306 348 1370 pars
393 1286 599 1349 talium
646 1286 916 1349 locorum
963 1292 1382 1368 suppuraverit
1427 1298 1489 1351 et
1530 1289 1776 1350 timidus
1814 1288 1995 1350 fuerit
2032 1291 2137 1368 qui
2172 1288 2232 1350 id

198 1378 433 1457 patitur
480 1377 781 1459 sectionis,
827 1384 956 1437 tum
1000 1379 1165 1439 visco
1202 1396 1379 1456 quam
1415 1377 1673 1457 plurimo
1712 1377 2080 1438 medicamen
2117 1376 2234 1438 col-

199 1465 313 1545 ligi
357 1473 419 1525 et
464 1464 807 1543 conglobari
861 1471 1039 1544 atque
1096 1466 1177 1526 ita
1230 1465 1450 1545 adponi
1496 1465 1795 1545 oportebit
1849 1467 1913 1526 in
1969 1465 2128 1526 aluta
2172 1467 2234 1526 in

202 1561 441 1615 tantum
482 1554 739 1633 spatium
773 1556 1183 1634 circumsecta,
1221 1562 1508 1633 quantum
1538 1553 1750 1615 modus
1779 1552 2000 1615 ulceris
2028 1553 2236 1634 fuerit3

114 1658 173 1700 15
207 1661 278 1702 ea
328 1659 468 1702 sane
514 1649 683 1721 parte
728 1650 1002 1723 ponetur,
1049 1661 1165 1721 qua
1202 1650 1407 1721 aptum
1445 1644 1560 1703 erit
1597 1641 1768 1704 ulcus
1805 1643 2043 1720 aperiri.
2108 1641 2235 1702 Hoc

205 1748 319 1810 ego
366 1729 797 1793 medicamento
844 1748 1020 1809 saepe
1066 1731 1329 1792 diutinos
1376 1730 1612 1791 dolores
1658 1732 1834 1791 etiam
1877 1732 2140 1808 pectoris
2177 1740 2237 1791 et

204 1819 413 1880 lateris
450 1827 511 1879 et
547 1817 885 1880 lumborum
926 1818 1159 1900 sustuli,
1195 1838 1334 1881 cum
1371 1820 1444 1881 ad
1482 1818 1714 1881 nullum
1751 1818 1911 1880 aliud
1950 1818 2235 1898 malagma

207 1906 379 1968 dolor
418 1907 685 1987 cederet3
723 1906 1059 1968 exulcerata
1097 1910 1257 1980 enim
1293 1916 1462 1987 parte
1497 1910 1789 1987 cuiusque
1827 1906 2083 1968 dolentis
2119 1907 2237 1968 loci

210 2014 350 2056 cum
393 1994 703 2056 umoribus
749 2003 955 2075 postea
1000 1997 1208 2058 vitium
1256 2014 1431 2057 omne
1479 1995 1778 2057 sublatum
1825 2003 1932 2056 est.

124 2100 182 2141 so
388 2082 628 2144 Varices
692 2092 862 2145 curat
926 2092 987 2145 et
1041 2085 1223 2164 adeps
1278 2084 1637 2164 gallinaceus
1700 2102 1836 2146 cum
1893 2102 2040 2163 cepa
2094 2085 2234 2145 trita
2273 2097 2341 2149 78

209 2174 506 2251 inpositus
560 2171 653 2232 vel
706 2173 1036 2250 perductus
1089 2173 1357 2235 adsidue.
1435 2172 1720 2235 Articulis
1765 2172 1983 2234 luxatis
2028 2190 2234 2233 sevum
2273 2186 2341 2237 79

209 2260 455 2340 pecudis
502 2262 933 2340 cuiuscumque
981 2279 1120 2323 cum
1160 2265 1362 2323 cinere
1401 2262 1474 2323 de
1513 2261 1724 2341 capillo
1762 2260 2043 2323 muliebri
2079 2262 2234 2323 facto

208 2349 497 2410 medetur.
2098 2385 2105 2396 -

386 2436 697 2499 Frumenti
742 2455 923 2516 grana
971 2437 1125 2499 v1111
1171 2440 1233 2499 in
1272 2438 1470 2518 tegula
1509 2440 1784 2501 candenti
1820 2438 2137 2500 combures
2175 2446 2235 2499 et
2271 2452 2341 2502 80

129 2542 185 2584 25
212 2527 274 2587 in
318 2527 584 2586 cinerem
627 2524 864 2604 rediges
911 2534 971 2587 et
1018 2528 1238 2606 cymini
1284 2527 1442 2605 quod
1490 2527 1724 2589 duobus
1769 2527 1972 2606 digitis
2018 2526 2233 2606 pollice

214 2622 273 2675 et
323 2613 659 2675 medicinali
715 2621 921 2676 tenere
971 2618 1241 2693 potueris
1251 2662 1269 2695 ,
1326 2614 1600 2677 similiter
1646 2615 1941 2676 urendum
1985 2617 2050 2676 in
2096 2634 2231 2677 can·

214 2703 375 2764 denti
418 2702 617 2781 tegula
662 2720 850 2782 pones
896 2710 958 2764 et
1002 2703 1076 2764 de
1123 2711 1285 2764 terra
1332 2703 1492 2783 quod
1539 2702 1734 2764 tribus
1780 2703 1981 2783 digitis
2026 2711 2231 2765 tenere

212 2793 475 2871 potueris
529 2791 713 2852 addes
776 2810 1012 2852 necnon
1066 2799 1127 2852 et
1188 2791 1400 2853 laseris
1464 2793 1788 2873 modicum,
1850 2791 2009 2870 quod
2076 2794 2234 2852 inter

216 2880 358 2941 duos
381 2940 385 2944 ,
405 2879 622 2957 digitos
670 2887 894 2959 teneaS,
942 2880 1164 2941 adicies
1198 2880 1380 2960 idque
1418 2882 1640 2959 pariter
1678 2888 1954 2942 conteres
2001 2888 2063 2941 et
2096 2883 2232 2941 vino

136 2984 191 3027 so
218 2966 644 3047 conglutinabis
700 2975 762 3028 et
815 2968 887 3029 ad
945 2968 1172 3030 clavum
1224 2969 1511 3051 adpones3
1568 2969 1627 3030 id
1675 2971 1852 3031 etiam
1898 2967 2231 3030 furunculis

215 3056 351 3118 utile
399 3064 507 3116 est.

384 3144 469 3205 De
525 3145 660 3204 fimo
712 3142 861 3224 pulli
906 3143 1211 3223 gallinacei
1257 3146 1418 3226 quod
1464 3145 1717 3208 rubrum
1763 3146 1943 3207 fuerit
1989 3144 2229 3225 colliges
2268 3159 2336 3208 81

217 3242 273 3295 et
322 3232 585 3311 adpones
641 3231 900 3293 clavellis
956 3241 1133 3314 atque
1188 3234 1327 3295 inde
1383 3252 1487 3295 eos
1543 3237 1778 3314 saepius
1824 3234 2003 3316 lines,
2059 3234 2230 3295 vehe-

214 3329 440 3383 menter
484 3320 838 3383 medebitur.

384 3462 415 3511 3
455 3454 520 3510 Id
556 3454 766 3526 ipsum]
802 3454 1012 3525 itaque.
1117 3462 1151 3511 4
1190 3457 1428 3527 spici110.
1534 3462 1596 3512 11
1636 3456 1903 3513 tumidus.
2008 3464 2073 3513 16
2110 3459 2230 3513 diu-

216 3528 374 3583 tinus.
541 3532 606 3582 19
644 3526 985 3583 humoribus.
1151 3544 1392 3586 omnem.
1557 3532 1626 3582 26
1666 3526 1864 3583 ciuem.
2020 3529 2228 3585 cimini.

219 3604 281 3654 80
313 3596 655 3669 purunculis.

1799 3687 1909 3741 23*
