2575 4092
1094 256 1568 322 -312—

316 428 440 488 cias
497 422 759 502 singulas
815 423 877 482 in
932 419 1237 500 pulverem
1293 419 1529 499 rediges
1586 427 1647 480 et
1701 438 1839 481 cum
1894 419 2067 480 melle
2118 422 2354 498 optimo

316 516 668 591 despumato
715 516 1004 590 quantum
1051 509 1307 570 sufficiat
1351 508 1745 588 permiscebis
1800 517 1860 569 et
1906 511 2105 569 ieiuno
2155 508 2356 570 colico

318 601 477 683 quod
525 603 669 661 satis
716 601 795 660 sit
840 597 1024 659 dabis.

205 700 277 751 38
497 689 841 769 Conpositio
907 686 1124 748 colices
1189 704 1261 746 ex
1319 685 1473 747 libro
1527 684 1885 767 Philonidis,
1949 703 2099 765 quae
2166 688 2355 746 etiam

316 778 557 840 Tiberio
591 778 828 839 Caesari
864 774 1329 855 conponebatur,
1368 793 1575 853 graves
1614 784 1675 836 et
1710 777 2070 836 inveteratos
2106 773 2353 835 dolores
2381 794 2412 835 5

316 869 615 949 mitigans,
651 866 798 928 mihi
833 883 1072 944 quoque
1111 865 1535 944 experimentis
1564 865 1890 945 notissima,
1926 864 2144 941 accipit
2170 862 2354 924 haec:

316 958 453 1036 Apii
489 958 735 1018 seminis
776 955 1094 1035 heminam,
1141 952 1342 1013 anethi
1380 954 1642 1014 tenuiter
1679 952 1924 1013 arefacti
1960 954 2353 1030 semunciam,

318 1047 577 1107 castorei
623 1045 1014 1122 semunciam,
1067 1060 1300 1121 myrrae
1350 1044 1742 1123 semunciam,
1793 1042 1962 1116 nardi
2009 1043 2209 1120 spicae
2259 1059 2353 1101 se·

319 1138 633 1212 muriciam,
681 1134 803 1211 opii
849 1131 1232 1209 semunciam,
1279 1132 1444 1191 croci
1489 1132 1872 1210 semunciam,
1918 1132 2144 1209 piperis
2186 1128 2355 1207 longi

319 1223 703 1300 semunciam,
739 1221 965 1299 piperis
997 1220 1156 1297 nigri
1181 1221 1564 1299 semunciam,
1601 1218 1935 1299 petrosilini
1962 1219 2351 1279 semunciam.
2383 1239 2438 1278 ιο

317 1312 533 1390 Apium
582 1308 775 1389 pridie
821 1306 1150 1369 macerabis
1197 1314 1257 1367 et
1304 1314 1482 1388 teres,
1530 1316 1727 1368 cetera
1771 1307 1987 1368 tundes
2026 1315 2087 1368 et
2122 1306 2352 1368 cribra·

317 1398 412 1460 bis
459 1406 520 1459 et
564 1400 739 1458 mista
785 1415 920 1458 cum
968 1398 1101 1476 apio
1146 1398 1210 1456 in
1255 1398 1542 1457 mortario
1579 1396 2032 1476 diligentissime
2069 1405 2352 1457 conteres
2443 1444 2450 1449 .

318 1495 382 1549 et
434 1485 609 1549 melle
665 1486 1012 1567 despumato
1069 1486 1292 1564 optimo
1348 1484 1797 1564 conprehendes
1853 1491 2030 1563 atque
2085 1487 2148 1545 in
2209 1502 2349 1545 vaso

317 1580 509 1638 vitreo
565 1575 813 1654 condes3
869 1592 1005 1635 cum
1063 1591 1214 1653 opus
1269 1574 1477 1654 fuerit,
1533 1573 1700 1635 dabis
1754 1573 2033 1634 denarios
2078 1573 2349 1651 singulos

319 1685 392 1727 ex
440 1683 626 1745 aquae
675 1663 897 1724 calidae
945 1662 1170 1742 cyathis
1215 1662 1429 1723 tribus,
2377 1681 2433 1721 15

210 1765 280 1814 39
497 1753 585 1814 Ad
632 1751 749 1813 coli
784 1751 1051 1812 dolorem
1090 1757 1323 1811 stercus
1360 1749 1647 1811 bubulum
1686 1768 1897 1811 recens
1936 1752 2200 1831 exprime
2237 1770 2352 1829 per

319 1842 570 1903 linteum
614 1841 903 1902 mundum
951 1847 1011 1900 et
1058 1857 1267 1900 sucum
1308 1841 1437 1900 eius
1474 1842 1537 1899 in
1574 1838 1837 1918 qualibet
1873 1842 2113 1919 potione
2156 1838 2350 1900 colico

319 1932 394 1992 da
440 1931 789 2011 bibendum,
836 1931 1036 1990 statim
1083 1928 1428 2009 subvenies3
1480 1927 1638 2007 quod
1684 1928 2015 1989 remedium
2063 1928 2351 1989 efficacis·

208 2030 283 2080 40
322 2023 539 2082 simum
605 2038 736 2080 esse
798 2017 983 2079 multa
1039 2020 1442 2097 experimenta
1508 2017 1858 2078 docuerunt.
1949 2016 2214 2095 Papaver
2273 2036 2350 2078 ex

319 2127 473 2189 aqua
516 2106 706 2168 mulsa
755 2107 1069 2167 decoctum
1116 2105 1284 2165 dabis
1332 2105 1517 2166 colico
1563 2107 1764 2166 ieiuno
1811 2105 2160 2187 bibendum,
2209 2121 2350 2167 con·
2377 2124 2432 2165 so

318 2198 519 2259 sestim
564 2195 896 2256 subvenies,

209 2296 280 2345 41
498 2283 660 2344 Inter
716 2289 960 2362 experta
1010 2280 1396 2342 subnotatum
1441 2290 1534 2343 est
1579 2283 1691 2343 hoc
1738 2282 1943 2343 colicis
1987 2284 2209 2343 mirum
2254 2301 2350 2343 re·

318 2373 581 2435 medium
630 2373 742 2432 sic:
788 2370 915 2431 Fici
960 2370 1153 2430 siccae
1192 2374 1430 2432 unciam
1468 2371 1512 2452 I,
1558 2373 1664 2431 iris
1706 2371 1971 2451 Illyricae
2014 2403 2092 2414 -
2133 2370 2177 2452 1,
2224 2379 2349 2432 vet-

318 2463 553 2523 tonicae
604 2492 682 2503 -
724 2459 750 2518 Ι
803 2461 867 2520 in
922 2457 1097 2519 ollam
1152 2477 1363 2520 novam
1419 2462 1621 2520 mittes
1676 2479 1812 2521 cum
1858 2460 2111 2521 bisextio
2157 2478 2348 2539 aquae

321 2559 383 2612 et
436 2569 573 2612 cum
631 2566 812 2628 supra
868 2549 1106 2628 scriptis
1162 2548 1233 2608 ad
1282 2548 1556 2609 dimidias
1604 2567 1825 2628 coques
1872 2556 1933 2610 et
1976 2547 2115 2609 inde
2159 2548 2350 2610 hemi·
2376 2567 2429 2609 25

211 2649 282 2697 42
320 2657 458 2700 nam
524 2637 690 2698 dabis
753 2639 956 2698 ieiuno
1020 2637 1209 2698 colico
1270 2636 1602 2716 potandam.
1693 2637 1917 2719 Herba,
1974 2655 2123 2717 quae
2179 2637 2348 2700 mile·

320 2727 529 2789 folium
565 2725 912 2808 appellatur,
949 2727 1089 2786 trita
1126 2744 1197 2786 ex
1233 2727 1371 2786 vino
1392 2729 1648 2787 austero
1686 2727 1857 2807 nigro
1885 2727 2115 2788 utiliter
2142 2726 2350 2788 colicis

319 2816 578 2878 bibenda
624 2816 815 2875 datur.

210 2914 282 2963 43
497 2904 756 2966 Herbam
803 2911 1077 2982 nepetam
1125 2902 1332 2963 dextra
1379 2921 1559 2964 manu
1614 2902 1882 2984 eolligeS,
1938 2905 1999 2964 in
2057 2911 2349 2983 quantum

320 2995 599 3055 sufficere
655 3011 830 3073 posse
887 2992 1242 3072 credideriS,
1300 3009 1548 3070 eamque
1603 2992 1676 3053 ad
1726 2992 2024 3053 levitatem
2069 3001 2347 3054 conteres
2374 3011 2426 3050 so

320 3088 384 3143 et
437 3100 572 3142 cum
629 3084 765 3141 vino
822 3079 983 3141 dulci
1038 3099 1106 3141 ac
1161 3088 1363 3141 vetere
1410 3080 1501 3140 vel
1546 3079 1863 3160 Libycensi
1909 3081 2095 3142 colico
2142 3083 2347 3143 ieiuno

318 3189 428 3251 per
464 3170 731 3232 triduum
770 3168 963 3250 dabis;
1011 3168 1116 3229 sed
1154 3171 1277 3229 vini
1312 3168 1524 3229 modus
1562 3172 1640 3230 sit
1676 3171 2032 3252 quartariuS,
2069 3169 2347 3232 facillime

206 3268 282 3316 44
319 3260 605 3340 proderit.
671 3257 961 3337 Fuliginis
1007 3257 1159 3318 bene
1197 3259 1372 3318 tritae
1411 3265 1472 3318 et
1508 3257 1788 3319 criblatae
1825 3266 2031 3319 ternos
2068 3258 2348 3321 denarios

318 3366 428 3429 per
474 3348 739 3409 triduum
788 3365 861 3407 ex
906 3365 1057 3426 aqua
1104 3344 1293 3407 calida
1336 3348 1536 3407 ieiuno
1584 3347 1773 3408 colico
1818 3348 1988 3427 potui
2032 3348 2221 3413 dabis,

497 3488 534 3536 4
571 3483 827 3539 coliaceS.
1004 3488 1033 3536 7
1075 3480 1333 3536 eminam.
1511 3486 1544 3536 8
1580 3484 1928 3539 castoreuno.
2113 3488 2179 3537 13
2217 3499 2345 3539 con·

317 3551 623 3622 prehindis.
772 3557 840 3607 14
878 3550 1124 3607 dinarius
1161 3550 1433 3621 singulus.
1579 3558 1648 3607 23
1686 3554 1872 3609 uncia.
1999 3553 2348 3612 vectonicae.

319 3628 388 3676 31
427 3622 702 3677 libieensi.
848 3629 916 3677 33
953 3625 1146 3678 ternus
1184 3622 1462 3678 denarius.
