2575 4092
1109 236 1589 301 -154-

338 400 556 461 deinde
600 417 862 480 crocum,
910 406 1118 477 postea
1164 398 1482 480 altercum,
1529 399 1666 459 dein
1711 416 1909 478 myrra
1957 404 2018 458 et
2062 404 2188 477 tus;
2235 397 2369 475 qui-

337 488 453 550 bus
508 489 794 548 miscetur
849 490 1050 567 opium
1108 488 1302 567 pridie
1356 489 1420 548 in
1475 505 1629 567 aqua
1683 495 2047 547 maceratum
2106 493 2170 545 et
2225 484 2367 546 sub-

338 577 478 639 inde
524 595 708 655 aquae
756 578 1036 655 exiguum
1081 576 1366 658 adicitur,
1426 576 1615 636 donec
1670 575 1815 654 fingi
1867 574 2087 653 pastilli
2131 575 2370 652 possint

339 666 411 727 ad
456 666 690 744 pondus
737 666 967 725 denarii
1013 668 1277 725 semissis
1287 711 1306 744 ,
1361 665 1502 725 licet
1552 664 1653 724 alii
1697 665 1872 724 tertia
1920 664 2097 724 huius
2140 662 2365 741 ponde·

339 756 425 816 ris
472 754 735 814 detracta
783 755 999 814 saciant
1043 752 1329 833 pastillos.
1420 752 1648 814 Dantur
1695 755 1758 813 in
1804 759 2042 813 noctem
2089 770 2162 814 ex
2210 769 2365 830 aqua
2392 769 2421 810 ⁵

340 841 567 923 cyathis
623 842 847 923 tribus,
902 860 1179 904 somnum
1234 843 1488 922 faciunt,
1543 842 1810 903 dolorem
1856 858 2092 902 omnem
2138 839 2367 918 sedant,

340 940 407 993 ut
466 932 745 1010 superius
799 931 939 991 dixi.
1032 931 1283 1011 Oportet
1337 939 1534 992 autem
1591 949 1663 990 ex
1719 948 1790 990 eo
1846 931 2025 990 etiam
2076 930 2368 1008 catapotia

339 1021 496 1101 fieri3
552 1020 789 1099 quidam
843 1021 1004 1080 enim
1050 1019 1283 1080 facilius
1330 1036 1399 1080 ea
1446 1037 1622 1098 quam
1667 1020 1968 1097 potionem
2016 1026 2262 1078 sumunt
2305 1024 2369 1077 et

340 1126 460 1169 non
505 1107 758 1168 multum
804 1108 875 1168 ad
925 1107 1282 1169 medendum
1327 1110 1597 1169 interest.
2564 1073 2565 1150 l

520 1196 910 1276 Catapotium,
958 1196 1015 1256 id
1055 1205 1147 1257 est
1181 1197 1699 1276 medicamentum,
1745 1195 1903 1275 quod
1942 1213 2060 1255 non
2098 1193 2368 1272 diluitur,
2398 1215 2456 1253 ιο
2564 1157 2565 1250 l

341 1284 446 1346 sed
494 1287 576 1346 ita
621 1295 689 1345 ut
733 1294 826 1345 est
869 1294 1132 1365 voratur,
1178 1285 1250 1345 ad
1298 1287 1531 1366 tussim,
1578 1304 1714 1345 cum
1753 1287 1881 1345 sine
1928 1283 2102 1344 modo
2141 1281 2368 1362 defluit,

340 1373 655 1434 conficitur
702 1375 815 1434 sic:
862 1373 1037 1434 Croci
1079 1372 1132 1433 X
1165 1373 1263 1453 111,
1312 1392 1543 1454 myrrae
1582 1372 1632 1434 X
1660 1372 1733 1454 ΙΙ,
1778 1375 1881 1452 opi
1916 1371 1966 1433 X
1996 1372 2040 1434 Ι.
2105 1371 2367 1432 Contun-

339 1461 502 1522 ditur
549 1481 792 1523 crocum
840 1465 1065 1523 siccum
1120 1470 1182 1523 et
1234 1461 1560 1543 cribratur,
1617 1473 1903 1522 contusae
1959 1468 2020 1521 et
2073 1460 2367 1521 cribratae

340 1570 572 1631 myrrae
628 1553 832 1630 opium
896 1552 1259 1613 admiscetur
1325 1569 1477 1631 aqua
1541 1552 1749 1628 exigua
1815 1550 2096 1630 dilutum3
2159 1555 2367 1627 postea

339 1640 596 1701 adicitur
640 1658 885 1701 crocum
933 1650 993 1701 et
1038 1659 1175 1701 cum
1221 1643 1284 1701 in
1331 1658 1516 1701 unum
1563 1641 1759 1699 omnia
1797 1637 1948 1699 bene
1987 1640 2168 1698 mixta
2207 1645 2368 1717 sunt,
2398 1658 2456 1697 15

339 1729 647 1809 finguntur
674 1732 800 1789 ervi
829 1730 1254 1808 magnitudinis
1282 1728 1528 1809 pilulae3
1557 1728 1775 1788 dantur
1802 1729 1867 1787 in
1893 1734 2131 1787 noctem
2159 1733 2367 1787 ternae

340 1817 432 1877 vel
487 1826 811 1897 quaternae
867 1825 927 1879 et
983 1820 1034 1878 si
1090 1821 1282 1879 siccae
1339 1836 1459 1878 non
1513 1819 1821 1896 potuerint
1879 1816 2232 1894 transmitti,
2292 1832 2369 1873 ex

341 1924 492 1985 aqua
538 1906 724 1967 calida
772 1907 1004 1967 modica
1048 1906 1353 1967 dabuntur
1399 1915 1461 1967 et
1506 1905 1924 1966 formabuntur
1969 1923 2045 1964 ex
2088 1922 2258 1983 aqua.

519 1994 891 2073 Catapotium
944 1995 1198 2056 alterum
1254 1995 1326 2055 ad
1382 1997 1596 2055 tussim
1651 1994 1875 2054 aridam
1931 1995 2046 2054 sic:
2116 1992 2369 2071 Myrrae,

340 2085 585 2163 piperiS,
632 2085 906 2162 castorei,
953 2083 1211 2164 galbani,
1260 2086 1538 2165 storaciS,
1585 2085 1738 2162 opii,
1784 2082 2157 2160 singulorum
2203 2080 2367 2140 idem
2395 2096 2454 2136 zo

340 2170 641 2248 ponderis,
712 2170 1060 2232 Castoreum
1107 2181 1167 2232 et
1212 2173 1385 2250 piper
1421 2172 1876 2233 contunduntur
1910 2180 1970 2231 et
2005 2168 2370 2249 cribrantur,

342 2258 557 2319 deinde
611 2277 811 2340 myrra
866 2266 1003 2320 ante
1059 2262 1316 2320 contrita
1371 2262 1588 2321 ceteris
1643 2262 1911 2321 contusis
1969 2267 2030 2320 et
2088 2257 2371 2319 cribratis

340 2347 729 2429 admiscetur3
776 2347 881 2409 ubi
926 2350 1191 2409 omnium
1238 2350 1436 2410 unitas
1481 2350 1635 2409 facta
1681 2357 1791 2430 est,
1837 2350 2169 2409 formantur
2216 2346 2371 2426 pilu·

340 2435 431 2496 lae
476 2455 549 2497 ex
596 2455 746 2516 aqua
784 2439 969 2499 viciae
1013 2438 1464 2519 magnitudinis3
1511 2438 1729 2518 dantur
1766 2456 1902 2498 cum
1940 2436 2140 2498 caldae
2179 2453 2372 2515 aquae

342 2525 574 2587 modico
619 2534 825 2587 ternae
875 2526 964 2587 vel
1015 2533 1338 2606 quaternae
1384 2528 1447 2587 in
1494 2536 1751 2607 noctem,
1797 2525 1902 2587 sed
1950 2526 2214 2605 digestis.
2402 2541 2457 2582 25

520 2615 693 2675 Aliud
741 2617 1099 2694 catapotium
1145 2615 1218 2675 ad
1266 2616 1479 2675 tussim
1527 2623 1807 2695 veterem,
1858 2615 2016 2693 quod
2065 2622 2128 2674 et
2170 2614 2371 2691 suspi-

341 2704 433 2763 rio
480 2712 540 2763 et
586 2701 767 2783 pthisi
814 2712 1133 2783 temptatos
1179 2712 1240 2764 et
1285 2703 1545 2764 lienosos
1591 2712 1653 2765 et
1686 2706 1856 2765 iecur
1888 2704 2109 2764 durum
2146 2701 2373 2762 haben·

341 2798 435 2852 tes
469 2801 655 2872 ¹sanat,
695 2793 852 2852 idem
887 2792 1253 2853 inflationem
1290 2792 1445 2853 tollit
1481 2801 1543 2853 et
1578 2799 1794 2871 purgat
1828 2792 2139 2852 mulierem
2168 2793 2375 2868 siqua

343 2899 415 2941 ex
460 2891 635 2959 partu
683 2882 921 2942 sordida
968 2881 1320 2961 resederint,
1367 2882 1684 2942 conficitur
1730 2883 1843 2942 sic:
1875 2880 2155 2945 Storacis
2193 2878 2245 2938 X
2275 2877 2373 2958 v1,

344 2987 576 3048 myrrae
607 2969 657 3029 X
685 2969 738 3030 ΙΙ
769 2969 828 3050 S,
865 2972 1225 3049 opopanacis
1252 2968 1306 3029 X
1335 2969 1400 3049 V,
1428 2971 1662 3030 resinae
1692 2968 2130 3030 terebinthinae
2158 2966 2211 3027 X
2240 2966 2374 3047 1111,
2401 2983 2454 3024 so

343 3053 550 3118 alterci
598 3061 844 3119 seminis
890 3057 942 3119 X
979 3058 1033 3138 Ι,
1090 3060 1199 3119 iris
1244 3058 1513 3138 Illyricae
1560 3058 1612 3118 X
1649 3058 1701 3138 Ι,
1758 3061 1902 3119 nitri
1947 3056 1999 3117 X
2036 3057 2088 3137 I,
2141 3058 2376 3136 piperis

342 3145 461 3207 albi
507 3145 558 3206 X
595 3146 674 3228 ΙΙ,
730 3147 964 3226 galbani
1008 3146 1177 3228 XII,
1233 3149 1333 3226 opi
1390 3146 1519 3207 XI.
1611 3146 1779 3227 Irim,
1836 3146 2150 3225 altercum,
2198 3147 2377 3224 piper

343 3236 713 3296 contundere
758 3244 818 3296 te
865 3243 1102 3316 oportet
1140 3243 1201 3295 et
1237 3234 1523 3317 cribrare,
1565 3238 1793 3296 nitrum
1830 3236 2116 3296 mortario
2154 3243 2376 3312 terere,

343 3332 541 3385 cetera
596 3324 716 3403 pilo
772 3327 1178 3385 comminuere
1242 3332 1304 3384 et
1357 3331 1563 3403 postea
1619 3327 1816 3384 omnia
1877 3325 2242 3403 permiscere
2305 3340 2377 3383 ac

487 3463 556 3512 20
594 3459 885 3514 stoi-achis.
1011 3463 1079 3512 21
1120 3457 1408 3513 cribratur.
1529 3464 1598 3514 2⁷
1635 3459 1996 3528 temperatos.
2106 3456 2377 3513 lienosuS.

341 3534 429 3655 ἓξ
449 3530 807 3657 ωοιῗὲῑιξέωε
843 3529 1124 3585 Scribon.:
1158 3528 1474 3585 mulierum.
1594 3534 1664 3584 30
1700 3529 2093 3585 terebintinae.
2205 3533 2278 3583 33
2316 3533 2378 3584 te
