2575 4092
1147 233 1533 300 -6-

321 418 472 482 quae
502 408 733 481 septem
769 399 861 460 vel
897 397 1188 479 plusculis
1217 395 1431 458 diebus
1461 405 1813 459 maceratur.
1860 396 1945 458 De
1976 415 2093 476 quo
2121 397 2355 478 liquore

320 489 701 570 postmodum
757 489 1049 567 coagitato
1106 495 1283 568 atque
1341 485 1532 547 colato
1592 486 1792 567 tepido
1851 486 2123 548 heminae
2183 487 2355 549 dimi-

321 580 488 641 dium
535 586 639 640 aut
683 578 1030 658 ampliorem
1078 576 1321 638 modum
1359 577 1716 654 gargarizari
1754 583 1993 656 oportet
2029 576 2125 637 die
2164 576 2353 637 calido

320 668 412 730 vel
461 685 692 750 sereno,
738 669 821 728 ita
866 675 934 728 ut
980 668 1327 745 resupinato
1374 683 1478 726 ore
1525 664 1799 726 faucibus
1841 663 2038 744 liquor
2076 664 2175 726 ille
2215 684 2354 727 con-

319 760 583 819 tineatur
638 755 1068 836 aliquantulum
1125 763 1185 816 et
1240 756 1499 833 agitetur
1553 753 1779 815 alterna
1824 756 1953 814 vice
1999 754 2181 834 idque
2228 773 2352 816 sae·
2380 772 2406 813 5

319 849 456 926 pius
512 847 639 927 fiat,
697 845 888 907 donec
942 845 1216 906 heminae
1271 844 1583 905 dimidium
1644 851 2031 905 consumatur
2077 843 2172 905 vel
2217 863 2355 906 cum

319 935 594 1015 flegmate
631 936 979 1014 proiciatur.
1027 934 1144 995 Sed
1182 933 1328 994 haec
1366 934 1566 994 ieiuno
1605 931 1936 996 adhibenda
1975 935 2205 994 curatio
2244 941 2353 1013 est,

320 1043 438 1105 qua
482 1024 644 1086 nulla
684 1026 865 1105 capiti
901 1023 1088 1085 levior
1126 1030 1229 1084 aut
1265 1022 1634 1084 commodior
1668 1024 2024 1103 reperietur.
2098 1021 2223 1084 Hoc
2260 1041 2353 1084 re·

319 1114 583 1175 medium
641 1114 746 1194 qui
800 1113 1130 1192 neglexerit
1185 1119 1245 1173 et
1291 1111 1530 1172 indiciis
1577 1129 1755 1192 supra
1804 1114 2044 1191 scriptis
2092 1130 2210 1173 non
2256 1130 2353 1174 oc-

319 1204 599 1285 currerit,
644 1220 892 1263 necesse
939 1210 1032 1263 est
1077 1203 1297 1263 sentiat
1341 1208 1445 1262 aut
1487 1201 1798 1262 oculorum
1835 1202 1975 1262 vitia
2011 1209 2114 1262 aut
2150 1201 2351 1262 ulcera
2380 1221 2428 1260 ιο

319 1295 482 1354 intus
529 1290 776 1353 auribus
823 1292 1196 1371 erumpentia
1240 1299 1345 1352 aut
1381 1298 1654 1352 strumas·
1678 1293 1741 1351 in
1779 1291 2036 1351 confinio
2076 1289 2214 1351 colli
2250 1299 2353 1352 aut

318 1381 529 1461 pulsus
577 1379 813 1442 cerebri
858 1389 962 1442 aut
1007 1382 1455 1442 suffocationem
1493 1387 1598 1440 aut
1634 1382 1794 1441 circa
1831 1387 2038 1458 guttur
2076 1382 2353 1458 anginam

319 1478 424 1532 aut
460 1489 608 1532 uvae
646 1468 1123 1545 destillationem,
1161 1467 1469 1547 glandulas
1507 1487 1746 1548 quoque
1776 1470 2037 1549 patietur
2065 1478 2126 1530 et
2156 1469 2350 1530 tabem

318 1559 636 1621 fluentium
673 1557 1022 1639 capillorum
1061 1567 1122 1620 et
1159 1557 1362 1620 ulcera
1398 1576 1509 1638 per
1550 1567 1731 1638 caput
1768 1558 2212 1635 effervescentia
2249 1559 2351 1620 do·

318 1648 626 1729 loremque
673 1649 942 1710 dentium
988 1647 1370 1711 creberrime.
1420 1646 1591 1719 Quod
1640 1650 1689 1709 si
1736 1666 1769 1708 a
1814 1656 2059 1726 pectore
2104 1646 2352 1710 morbus
2380 1665 2430 1706 15

319 1739 598 1820 minatur,
643 1740 749 1819 qui
794 1756 927 1800 esse
975 1738 1226 1819 simplex
1272 1747 1334 1800 et
1377 1755 1500 1799 non
1537 1736 2003 1798 violentissimus
2041 1736 2209 1819 solet,
2254 1737 2350 1799 his

316 1830 723 1907 praesentitur
759 1827 1014 1890 indiciis·
1073 1828 1345 1889 Primum
1382 1828 1645 1907 pectoris
1684 1826 1869 1888 sudor
1897 1828 2143 1888 intimus
2171 1835 2349 1888 testa-

317 1925 419 1978 tur
463 1925 696 1979 aestum
742 1916 1035 1978 stomachi
1078 1915 1428 1998 laborantis,
1477 1916 1647 1995 splen
1685 1918 1801 1977 erit
1839 1917 2009 1995 quasi
2047 1915 2352 1978 distensus
2427 1940 2432 1945 ·

319 2013 382 2066 et
409 2008 694 2087 eminenS,
726 2013 1100 2085 sputamenta
1129 2004 1333 2086 fellita,
1363 2006 1637 2084 scapulae
1668 2024 1804 2067 cum
1832 2002 2119 2066 lateribus
2148 2024 2350 2085 grava-

317 2094 545 2155 buntur
599 2103 661 2156 et
713 2096 1018 2173 inproviso
1074 2092 1277 2156 dolore
1334 2104 1737 2176 marcescent,
1798 2093 2079 2156 adsiduae
2139 2097 2351 2156 oscita-
2380 2111 2434 2152 so

318 2184 513 2244 tiones
560 2201 665 2244 ora
713 2183 1022 2264 diducent,
1069 2185 1426 2263 inportunae
1473 2183 1707 2264 vigiliae
1754 2201 1996 2246 somnos
2041 2184 2355 2266 fugabunt,

318 2279 547 2333 artatus
595 2273 843 2351 spiritus
892 2274 995 2333 siti
1038 2281 1334 2335 nocturna
1373 2275 1626 2335 maxime
1662 2273 2021 2354 inardescet,
2069 2291 2351 2353 experge-

318 2362 491 2422 factis
535 2379 706 2437 mens
754 2364 872 2422 erit
906 2363 1098 2423 tristis
1136 2370 1198 2423 et
1224 2361 1446 2444 nubila,
1476 2370 1614 2442 post
1643 2381 1922 2443 soporem
1950 2364 2134 2424 totius
2162 2380 2352 2441 paene

318 2452 588 2532 corporis
632 2449 862 2533 pulsus,
908 2459 1134 2512 tremor
1180 2454 1240 2513 in
1288 2450 1550 2514 brachiis
1597 2453 1687 2514 vel
1733 2455 1797 2514 in
1843 2449 2145 2533 manibus,
2192 2454 2351 2514 sicca

318 2542 498 2602 etiam
542 2542 727 2601 tussis
773 2542 1002 2619 quatiet
1041 2541 1362 2602 infirmum.
1432 2539 1540 2602 His
1577 2543 1762 2620 igitur
1800 2544 2102 2621 sapienter
2139 2558 2349 2602 occur-
2379 2556 2432 2597 25

317 2631 491 2710 ritur,
538 2631 592 2690 si
636 2630 1009 2691 consuetudo
1054 2631 1157 2692 fiat
1203 2633 1333 2692 sine
1380 2629 1499 2693 ullo
1536 2631 1928 2692 medicamine
1965 2638 2104 2709 post
2141 2648 2351 2691 cenam

317 2717 610 2780 vomendi.
692 2717 848 2780 Utile
904 2728 1102 2781 autem
1149 2728 1242 2781 est
1287 2722 1467 2781 etiam
1512 2722 1780 2782 ieiunum
1835 2737 2104 2801 vomere,
2164 2721 2351 2799 magis

318 2808 478 2868 enim
515 2825 689 2869 umor
725 2809 958 2889 noxius,
996 2811 1101 2888 qui
1138 2809 1443 2870 stomacho
1481 2809 1773 2893 insiderit,
1802 2811 2084 2888 egeritur.
2140 2807 2350 2888 Itaque

318 2898 423 2976 qui
468 2914 639 2958 mane
687 2900 1020 2960 vomiturus
1066 2906 1186 2979 est,
1242 2898 1420 2961 debet
1474 2901 1811 2961 minutatim
1869 2900 2059 2960 rafani
2113 2897 2351 2959 radices

317 2985 677 3048 manducare
706 3004 926 3066 easque
953 2985 1043 3048 vel
1076 3006 1286 3049 sucum
1317 3006 1522 3049 earum
1550 2989 1975 3069 transmittere,
2004 2986 2349 3049 cardamum
2381 3001 2436 3043 ao

318 3092 574 3155 quoque,
609 3075 669 3136 id
699 3084 791 3137 est
818 3078 1209 3159 nasturcium,
1239 3077 1343 3138 sed
1374 3086 1435 3139 et
1463 3079 1656 3156 sinapi
1693 3085 1751 3139 et
1781 3095 2022 3139 erucam
2060 3076 2350 3137 devorare

318 3171 378 3224 et
423 3181 637 3243 aquam
683 3164 897 3227 deinde
944 3165 1203 3246 tepidam
1251 3165 1643 3246 superbibere
1700 3175 1760 3228 et
1817 3166 2002 3245 digito
2059 3168 2351 3227 vomitum

315 3271 659 3332 provocare.
727 3253 842 3326 Qui
888 3257 1002 3317 ista
1040 3258 1489 3337 contempserit,
1534 3257 1652 3317 erit
1696 3255 1790 3317 his
1830 3254 2123 3316 obnoxius
2161 3257 2350 3317 vitiis:

463 3413 491 3461 1
533 3409 623 3464 vel
659 3423 760 3463 om.
906 3413 938 3463 2
975 3407 1186 3477 tepide.
1316 3409 1550 3465 eminae.
1679 3415 1712 3465 3
1751 3409 2011 3479 amplius.
2147 3413 2178 3464 ’1
2215 3408 2348 3465 fleo-

312 3479 482 3534 mate.
646 3484 717 3535 20
753 3478 1093 3534 mareiscent
1130 3484 1228 3534 lm
1262 3482 1613 3536 marcescent
1647 3484 1765 3536 2m.
1939 3485 2007 3535 21
2046 3480 2348 3535 deducunt.

316 3554 385 3604 22
425 3550 521 3606 siti
558 3557 656 3607 lm
691 3549 816 3606 sitis
854 3556 972 3607 2m‚
1092 3550 1415 3607 inardescit,
1552 3557 1621 3607 28
1658 3567 1820 3607 umor
1856 3558 1888 3607 1
1898 3569 1954 3607 m
1987 3552 2191 3606 humor
2226 3557 2349 3609 2m.

315 3619 577 3679 insiderit
611 3630 712 3679 1m
744 3620 1019 3678 insederit
1052 3625 1171 3678 2m.
1318 3628 1384 3677 31
1424 3623 1636 3695 sinape.
