2575 4092
1020 196 1448 262 —49-

225 361 479 440 linguam
535 360 732 441 bovis,
796 360 979 422 addes
1034 362 1212 421 etiam
1258 378 1430 422 rosae
1476 361 1803 444 heminam3
1858 361 2004 424 haec
2052 366 2247 425 omnia

226 453 284 511 in
320 449 494 511 ollam
533 452 763 531 mitte8‚
802 457 1108 529 praeterea
1148 449 1330 511 addes
1368 450 1751 511 furfuriculas
1789 454 1851 512 in
1889 450 2072 513 linteo
2108 452 2248 532 liga-

228 548 312 600 tas
358 539 432 600 ad
476 539 621 619 hoc,
668 546 735 599 ut
781 537 1234 600 amaritudinem
1280 537 1500 600 herbae
1550 537 1835 601 deliniant
1887 548 1947 602 et
1993 544 2079 602 sic
2127 542 2248 603 fur·

228 628 511 689 luriculae
559 630 722 706 ipsae
761 630 822 688 in
860 627 1111 688 saccello
1151 626 1553 707 combulliang
1599 627 1745 690 haec
1782 631 1978 690 omnia
2015 629 2086 691 ad
2131 637 2247 691 ter·

179 737 205 778 ⁵
229 719 337 778 tias
394 716 694 796 decoques
753 724 813 777 et
867 716 1136 795 tepidum
1195 715 1607 795 gargarizabis.
1698 715 2248 798 Experimentatum
2289 731 2356 782 18

227 805 553 866 remedium
619 805 932 866 adversum
996 806 1375 885 ingruentem
1448 814 1775 887 catarrum,
1844 814 1913 867 ut
1977 824 2123 868 cena
2187 815 2247 868 te

227 894 522 954 abstineas
567 900 628 954 et
674 893 746 954 ab
797 892 1001 954 holere
1048 901 1108 955 et
1155 913 1187 954 a
1242 893 1425 954 rebus
1481 893 1653 955 salsis
1708 902 1770 956 et
1822 895 2248 977 liquaminosis,

226 1001 360 1043 nam
411 982 803 1062 indigestione
849 981 970 1044 cibi
1017 990 1077 1043 et
1118 984 1262 1043 vitio
1302 982 1614 1044 cruditatis
1651 985 1918 1045 nascitur
1954 994 2249 1065 catarrus3

226 1071 643 1132 abstinendum
689 1090 828 1132 sane
874 1079 1012 1132 ante
1059 1074 1253 1132 omnia
1301 1070 1623 1151 pinguibus
1670 1071 1837 1134 cibis.
1913 1072 2031 1134 Sed
2077 1075 2130 1134 si
2177 1074 2249 1134 de

149 1181 200 1224 10
225 1161 613 1240 perfrictione
681 1161 860 1221 fuerit
894 1146 1226 1241 ”catarrum
1303 1159 1687 1222 caldamentis
1760 1161 2039 1223 adhibitis
2112 1160 2249 1223 ilico

227 1251 522 1327 sopietur:
569 1249 725 1328 quod
775 1251 827 1310 si
872 1248 946 1310 de
993 1249 1317 1330 cruditate,
1363 1248 1695 1329 placabitur
1738 1248 1836 1311 illa
1883 1269 1949 1311 re
1996 1250 2137 1332 sola,
2184 1260 2252 1312 ut

226 1356 344 1398 non
394 1346 669 1420 cenetur,
714 1338 901 1399 donec
949 1339 1188 1417 penitus
1225 1337 1422 1399 fluxus
1460 1340 1589 1399 eius
1627 1348 1882 1420 arescat3
1930 1357 2066 1400 cum
2114 1339 2251 1401 sub-

226 1429 475 1488 strictus
520 1427 728 1508 fuerit,
783 1426 856 1487 ad
904 1427 1397 1488 consuetudinem
1444 1426 1696 1489 cenandi
1743 1431 2080 1491 reverteris
2163 1427 2250 1489 Ad
2293 1441 2357 1491 19

226 1522 525 1576 catarrum
563 1515 1071 1595 restringendum:
1135 1515 1320 1595 Sapae
1363 1514 1633 1577 heminas
1679 1523 1804 1577 tres
1851 1523 1910 1577 et
1956 1519 2251 1577 satureiae

146 1627 199 1667 15
225 1604 580 1665 fasciculum
627 1613 686 1664 et
731 1604 941 1684 hysopi
983 1603 1349 1683 aliquantum
1388 1605 1619 1664 fervere
1658 1604 1835 1665 simul
1870 1605 2071 1685 facies,
2110 1623 2252 1684 quo·

224 1711 421 1772 usque
468 1693 607 1754 inde
655 1695 949 1754 sextarius
994 1694 1112 1774 fiat,
1160 1700 1219 1754 et
1266 1695 1353 1754 sic
1401 1692 1865 1771 gargarizabitur
1912 1702 2005 1754 ter
2050 1695 2110 1753 in
2158 1692 2253 1753 die

224 1785 287 1842 in
344 1782 475 1842 loco
531 1781 734 1860 tepido
790 1790 892 1842 aut
945 1781 1018 1842 ad
1075 1781 1262 1843 solem
1316 1790 1494 1860 atque
1551 1779 1665 1842 hoc
1722 1791 1838 1843 tam
1896 1781 2000 1842 diu
2055 1780 2254 1862 facies,

226 1870 419 1931 donec
465 1870 805 1931 inhibeatur
850 1872 1043 1932 omnis
1090 1878 1385 1950 catanus,
1442 1877 1619 1949 atque
1665 1868 1781 1931 illis
1828 1869 2066 1945 diebus,
2126 1871 2252 1950 qui·

226 1958 342 2020 bus
391 1962 740 2040 gargarizaS‚
788 1959 1114 2020 abstinebis
1160 1959 1484 2040 liquamine
1532 1966 1592 2019 et
1638 1958 1841 2020 holere
1879 1966 1940 2020 et
1976 1958 2148 2019 salsis
2186 1977 2254 2020 ac

142 2070 197 2109 20
225 2047 551 2128 pinguibus
590 2048 755 2109 cibis.
817 2048 902 2109 Ad
947 2057 1244 2110 catarrum
1293 2048 1777 2126 restringendum
1816 2049 2080 2128 quinque
2121 2065 2251 2128 par·
2290 2061 2362 2111 20

224 2146 319 2198 tes
376 2138 499 2198 vini
555 2145 614 2198 et
669 2146 894 2198 sextam
949 2136 1140 2199 mellis
1197 2137 1477 2199 miscebis
1534 2155 1602 2199 ac
1667 2138 1987 2216 tepefacies
2052 2146 2113 2198 et
2167 2139 2254 2199 sic

223 2224 640 2305 gargarizabiS.

1092 2329 1251 2392 CAP.
1301 2330 1390 2391 vl.

248 2444 595 2514 Alopeciis
642 2447 711 2499 et
754 2444 954 2500 tineis
1000 2445 1070 2500 et
1115 2443 1360 2513 capillo
1404 2444 1647 2500 fluenti
1691 2447 1900 2513 atque
1941 2444 2229 2500 infirmo.

408 2579 625 2661 Herba,
673 2599 823 2661 quae
871 2580 1090 2641 dicitur
1136 2579 1535 2641 trichomanes
1583 2578 1674 2641 vel
1710 2580 2006 2660 adianton,
2053 2579 2257 2641 eadem
2297 2593 2324 2640 1

222 2679 288 2732 et
337 2669 701 2731 callitrichos
748 2668 1104 2748 appellatur,
1161 2677 1409 2730 contusa
1467 2678 1527 2731 et
1583 2688 1720 2730 cum
1776 2668 1905 2729 oleo
1951 2668 2119 2729 inlita
2168 2668 2259 2729 vel

137 2779 193 2820 25
221 2763 464 2820 incocta
503 2758 796 2838 alopecias
834 2758 1005 2820 facile
1044 2765 1229 2819 curat.
1292 2758 1447 2837 Cepe
1485 2757 1746 2839 longum,
1783 2756 1941 2837 quod
1981 2758 2258 2836 ceputius
2296 2770 2329 2819 2

221 2849 600 2929 nominatur,
659 2865 841 2926 super
895 2847 1188 2927 alopecias
1242 2849 1421 2908 terito
1476 2847 1852 2926 frequenter,
1919 2864 2036 2925 quo
2103 2847 2257 2907 facto

221 2936 477 3017 capillos
524 2938 816 2997 maturius
863 2935 1162 2996 excitabis,
1239 2934 1423 2996 Nucis
1469 2937 1747 3016 escariae,
1794 2934 1855 2995 id
1905 2942 1997 2995 est
2032 2934 2257 3013 iuglan-
2296 2948 2329 2996 3

222 3028 348 3107 dis,
407 3033 561 3086 testa
608 3032 854 3085 contusa
903 3024 992 3084 vel
1046 3023 1356 3085 combusta
1403 3032 1464 3084 et
1508 3025 1844 3085 minutatim
1893 3025 2032 3085 trita
2080 3031 2258 3103 atque
2297 3036 2331 3084 4

223 3115 464 3176 adiecto
512 3114 644 3174 oleo
692 3115 946 3193 inposita
993 3115 1285 3174 infantum
1334 3112 1613 3192 alopeciis
1660 3112 1858 3192 capilli
1912 3123 2257 3175 nascuntur.
2298 3125 2329 3174 5

22 3266 25 3267 γ
139 3223 194 3263 so
225 3203 536 3266 Infantum
592 3203 989 3282 alopeciarum
1047 3204 1183 3263 vitia
1241 3203 1551 3262 anserinae
1617 3201 1807 3281 adipis
1871 3203 2258 3280 perfrictione
2299 3215 2334 3262 6

22 3456 25 3535 t

225 3292 612 3372 supplentur.
687 3290 1159 3352 Gallinaceorum
1206 3299 1440 3352 stercus
1487 3308 1624 3351 cum
1662 3289 1791 3351 oleo
1831 3298 2087 3370 utroque
2126 3307 2260 3368 per·

225 3385 484 3442 mixtum
532 3381 812 3458 alopeciis
860 3380 1003 3440 utile
1052 3387 1158 3440 est.
1246 3380 1438 3458 Adeps
1486 3381 1690 3440 ursina
1728 3397 1866 3439 cum
1903 3380 2120 3459 fungis,
2160 3378 2263 3455 qui

224 3472 289 3530 in
332 3470 551 3550 lychno
589 3469 868 3529 lucernae
907 3477 1317 3543 concrescunt,
1358 3467 1601 3529 subacta
1639 3475 1699 3527 et
1736 3467 2015 3546 alopeciis
2045 3484 2260 3544 perun·

227 3561 433 3619 ctione
480 3559 737 3638 inposita
785 3559 1038 3636 pristino
1085 3557 1290 3620 decori
1336 3564 1515 3635 caput
1555 3563 1830 3616 revocato
1878 3557 2044 3615 crine
2089 3556 2261 3615 resti·

340 3669 670 3722 Mancnmaus,
700 3678 779 3708 m).
808 3669 1122 3708 Hnmtnmcfl.
1910 3660 1945 3707 4
