2575 4092
1107 226 1536 292 ...84-

309 391 755 472 liberabuntur3
812 391 1053 471 quidam
1110 393 1287 450 etiam
1343 388 1656 449 adfirmant
1711 388 2194 449 efficacissimum
2249 406 2343 448 re-

312 481 574 541 medium
621 498 751 540 esse
800 480 872 540 ad
921 478 1282 558 detergenda
1329 477 1714 558 glaucomata,
1760 479 1811 537 si
1858 476 2069 537 catello
2108 476 2345 537 dierum

313 579 541 649 septem
588 576 766 647 caput
812 571 1035 630 viventi
1080 567 1424 628 diffindatur
1482 574 1542 626 et
1587 566 1659 626 de
1707 565 1914 626 dextra
1961 574 2130 644 parte
2180 584 2345 627 cere·

314 657 408 719 bri
456 657 665 719 oculus
712 658 947 737 dexter,
1003 658 1075 718 de
1135 658 1376 717 sinistra
1433 656 1676 715 sinister
1738 657 1990 716 intincto
2040 653 2162 716 illic
2211 672 2344 733 spe-

209 746 456 808 143cillo
494 749 835 826 inungatur.
923 745 1000 807 Ut
1045 746 1376 806 leucomata
1423 751 1483 804 et
1520 742 1856 823 albuginem
1897 744 2165 823 quamvis
2204 743 2345 804 den·
2376 765 2404 805 5

313 855 437 897 sam
485 854 558 896 ex
604 835 775 897 oculo
815 836 1143 916 detergens,
1181 840 1378 895 turam
1417 841 1477 893 et
1513 839 1788 893 anturam
1826 831 2043 893 herbas
2083 834 2348 893 virentes

312 925 670 986 nitidissime
718 924 995 986 collectas
1043 923 1375 985 contundes
1435 929 1494 982 et
1549 939 1657 1001 per
1712 920 1963 982 linteum
2020 928 2199 982 tenue
2248 940 2346 982 su-

211 1025 462 1075 144cum
502 1032 709 1075 earum
746 1016 1012 1092 exprime
1061 1030 1252 1092 eoque
1300 1011 1506 1072 oculos
1555 1013 1794 1088 inunge.
1878 1008 2231 1071 Leucomata
2278 1018 2351 1071 ut

315 1111 601 1165 extenues
648 1111 709 1163 et
755 1102 1073 1183 discutias,
1120 1109 1293 1162 utere
1340 1100 1760 1179 medicamine,
1821 1099 1978 1178 quod
2027 1100 2347 1159 conficitur

316 1195 429 1253 sic:
502 1190 766 1252 Pumicis
814 1191 1113 1252 combusti
1158 1191 1287 1250 triti
1336 1181 1414 1274 9-
1455 1187 1643 1269 XIIII,
1700 1188 2032 1249 chalcitidis
2082 1181 2160 1274 9-
2199 1186 2349 1266 VIII,
2382 1210 2440 1249 ιο

315 1281 572 1360 gummis
621 1272 699 1365 9-
740 1279 847 1339 ΠΙΙ
894 1288 955 1340 et
1001 1281 1225 1357 sinapis
1271 1277 1584 1358 pusillum,
1633 1284 1700 1337 ut
1746 1276 2052 1358 toleretur,
2096 1277 2350 1357 adicies3

316 1370 462 1430 haec
518 1371 714 1429 omnia
779 1371 843 1429 in
906 1369 1324 1429 tenuissimum
1383 1366 1689 1445 pulverem
1746 1366 1987 1427 redacta
2039 1368 2101 1426 in
2162 1384 2353 1426 unum

317 1459 612 1538 permisce
661 1466 721 1518 et
767 1475 841 1517 ex
877 1475 1030 1537 aqua
1077 1457 1334 1518 fontana·
1360 1456 1536 1516 facito
1576 1453 1817 1534 collyria
1855 1457 2172 1535 crassiora3
2220 1458 2353 1534 qui-

316 1547 430 1608 bus
488 1549 575 1608 sic
632 1549 849 1627 uteris,
905 1555 974 1607 ut
1029 1545 1436 1607 circumdetur
1490 1543 1686 1604 tribus
1731 1542 2001 1623 partibus
2047 1562 2182 1604 cera
2231 1543 2352 1604 col-

316 1637 560 1716 lyrium,
614 1636 718 1696 sed
766 1644 1101 1696 extremum
1147 1633 1377 1714 collyrii
1424 1634 1504 1693 sit
1547 1631 1674 1693 leve
1721 1650 1790 1693 ac
1837 1640 2035 1714 tenue,
2081 1633 2238 1712 quod
2285 1635 2354 1692 in
2384 1655 2444 1696 15

317 1727 514 1804 ipsum
571 1724 840 1786 leucoma
897 1727 1147 1803 inponas
1203 1732 1264 1783 et
1318 1721 1457 1783 iube
1514 1720 1755 1782 oculum
1810 1721 2109 1800 adoperiri
2164 1721 2354 1800 pauli·

320 1832 478 1896 sper,
516 1833 590 1874 ne
639 1814 872 1875 excidat
910 1813 1250 1893 collyrium3
1290 1810 1448 1891 quod
1487 1812 1540 1870 si
1577 1810 1883 1891 exciderit,
1920 1812 2141 1872 iterum
2177 1828 2353 1890 repo-

320 1910 514 1984 natur,
552 1911 688 1982 post
723 1903 870 1963 haec
909 1905 1131 1981 inunge
1161 1900 1403 1962 oculum
1429 1900 1552 1959 leni
1579 1897 1842 1979 collyri0‚
1881 1901 2082 1959 statim
2120 1900 2357 1960 emittet

321 1995 491 2072 quasi
537 2010 860 2071 squamam.
932 1990 996 2051 Si
1043 2007 1185 2068 ergo
1231 2007 1514 2067 magnum
1558 1988 1828 2049 leucoma
1875 1988 2055 2049 fuerit
2093 1996 2154 2048 et
2189 2006 2351 2049 cras-

322 2099 473 2161 sum,
519 2083 601 2141 ita
649 2080 913 2141 curabis:
962 2081 1054 2139 sin
1102 2085 1303 2139 autem
1349 2085 1548 2160 tenue,
1594 2095 1733 2137 cum
1779 2078 2116 2156 inposueris
2162 2076 2352 2137 medi·
2383 2100 2445 2139 20

321 2187 545 2249 camen,
593 2171 885 2229 maturius
933 2167 1131 2248 tolles3
1179 2174 1384 2245 postea
1431 2184 1570 2226 vero
1618 2174 1789 2227 utere
1829 2166 1900 2226 ad
1939 2167 2351 2227 inunctionem

321 2256 582 2338 collyrio,
622 2257 780 2336 quod
811 2256 1036 2317 Graeco
1074 2255 1362 2316 vocabulo
1400 2255 1688 2333 diacopon
1727 2253 2083 2337 appellatur3
2129 2256 2356 2316 etenim

322 2346 478 2426 apud
534 2346 798 2407 medicos
853 2346 967 2406 hoc
1024 2345 1252 2424 collyrii
1307 2362 1497 2422 genus
1551 2361 1824 2422 magnam
1878 2342 2059 2404 habet
2104 2343 2357 2405 effectus

219 2437 428 2496 145sui
474 2435 838 2513 dignitatem.
913 2434 1195 2495 Tui-turis
1241 2434 1418 2493 fimus
1465 2433 1537 2493 ad
1585 2450 1874 2493 summam
1911 2432 2211 2494 levitatem
2247 2436 2356 2493 tri·

322 2534 420 2586 tus
477 2533 536 2585 et
593 2542 731 2585 cum
777 2523 950 2584 melle
997 2525 1192 2583 Attico
1239 2530 1344 2582 aut
1389 2523 1568 2582 etiam
1612 2520 1859 2582 alterius
1904 2524 2142 2600 generis
2186 2522 2355 2582 dum·
2391 2545 2453 2586 25

323 2612 500 2674 modo
547 2615 772 2691 optimo
821 2620 881 2673 et
927 2612 1276 2691 despumato
1325 2612 1608 2672 inunctus
1665 2610 1995 2671 leucomata
2045 2609 2360 2671 oculorum

221 2714 322 2763 146
337 2709 613 2781 potenter
650 2708 948 2762 extenuat.
1010 2699 1159 2761 Galli
1196 2699 1506 2778 gallinacei
1541 2701 1795 2759 maxime
1833 2697 1949 2759 albi
1988 2699 2067 2759 fel
2103 2718 2177 2760 ex
2205 2717 2362 2778 aqua

324 2790 581 2852 dilutum
637 2798 696 2851 et
751 2791 1087 2851 inunctioni
1145 2787 1478 2849 adhibitum
1533 2788 1864 2849 leucomata
1921 2787 2235 2849 oculorum
2299 2797 2361 2849 et

221 2891 321 2942 147
336 2880 661 2959 ypochyses
718 2887 885 2943 sanat
950 2886 1011 2939 et
1073 2879 1260 2938 aciem
1324 2875 1616 2937 luminum
1681 2877 2007 2938 confirmat.
2109 2876 2362 2938 Stercus

327 2986 564 3048 quoque
605 2966 990 3047 gallinaceum
1031 2966 1229 3027 album
1268 2984 1407 3026 cum
1452 2965 1582 3025 oleo
1628 2973 1827 3026 vetere
1866 2968 2215 3027 tenuissime
2254 2968 2360 3026 tri·
2396 2992 2457 3033 30

223 3065 465 3119 148tum
503 3065 563 3117 et
600 3057 936 3136 adpositum
983 3056 1142 3116 idem
1192 3054 1380 3116 oculis
1418 3053 1669 3114 remedii
1704 3062 1985 3133 praestat.
2049 3054 2152 3115 Fel
2190 3055 2366 3115 vituli

329 3144 646 3224 diligenter
702 3144 1019 3207 collectum
1074 3144 1146 3204 ad
1199 3143 1423 3224 cotylae
1471 3161 1811 3204 mensuram
1858 3145 1921 3203 in
1967 3161 2069 3204 vas
2116 3161 2365 3204 aereum

328 3236 588 3296 mittitur
644 3236 929 3313 tenuique
986 3235 1122 3312 igne
1180 3233 1415 3293 admoto
1462 3234 1544 3293 ita
1591 3234 1972 3314 excoquitur,
2027 3240 2095 3293 ut
2143 3234 2364 3313 spisse-

331 3332 458 3407 tur,
514 3323 727 3385 deinde
783 3322 976 3384 mellis
1032 3322 1174 3382 boni
1227 3329 1459 3382 tantum
1514 3322 1796 3403 mittitur,
1863 3330 2152 3400 quantum
2208 3321 2367 3383 fellis

329 3412 489 3475 illius
546 3413 780 3473 decocti
834 3413 1213 3491 remanserit3
1279 3410 1622 3471 adiciuntur
1686 3417 1894 3489 postea
1958 3428 2191 3489 myrrae
2258 3413 2366 3473 tri·
2397 3444 2460 3485 3⁵

334 3510 424 3562 tae
454 3501 769 3563 drachmae
798 3501 949 3562 duae
989 3508 1050 3561 et
1081 3501 1242 3560 croci
1280 3518 1398 3559 una
1436 3506 1498 3559 et
1534 3501 1688 3559 aeris
1725 3499 1890 3560 floris
1929 3497 2259 3577 pauxillum
2298 3518 2367 3562 ac

331 3599 536 3670 postea
583 3590 758 3652 simul
806 3592 1002 3650 omnia
1048 3589 1151 3650 diu
1198 3589 1489 3667 coagitata
1535 3588 1604 3649 ad
1659 3590 1866 3649 tertias
1914 3588 2369 3671 decoquuntur3
