2575 4092
17 1463 18 1470 ⁴
16 1371 21 1420 η-
16 219 30 1340 ἡ.ΫῨΫῨᾼ,ῨφΫνήὛ-ονῄν---ᾑῌ-ιοακοι-ϋ

1129 217 1609 281 -112-

349 390 410 440 et
465 381 775 441 formatam
833 380 1074 460 pilulam
1131 379 1449 441 rotundam
1496 380 1741 441 naribus
1788 382 2046 464 inseres3
2100 381 2385 443 omnihus

244 477 312 526 58
352 472 508 530 vitiis
554 478 835 549 purgatas
883 487 1059 530 nares
1097 472 1215 530 cito
1252 470 1327 530 ad
1367 471 1680 530 sanitatem
1716 470 2028 549 perduces,
2092 469 2385 550 Polypum

349 559 624 619 emendat
660 558 843 619 herba
882 558 1328 642 proserpinalis,
1366 576 1516 637 quae
1546 557 1769 619 Graece
1807 559 2213 639 draconteum,
2247 559 2383 620 Gal-

348 647 461 708 lice
508 650 748 726 gigarus
794 647 1141 729 appellatur,
1187 646 1280 708 vel
1327 649 1380 707 si
1427 665 1609 708 sucus
1655 649 1784 708 eius
1827 648 2071 709 naribus
2108 647 2385 710 infunda-

351 745 449 797 tur
495 737 584 797 vel
642 738 695 797 si
749 754 1009 817 papyrus
1064 736 1203 797 inde
1249 736 1468 797 infecta
1516 743 1578 796 et
1624 736 1867 816 specillo
1913 737 2174 798 involuta
2220 739 2382 797 nari·
2416 758 2442 797 ε,

349 824 463 886 bus
500 827 802 888 inseratur
838 833 899 886 et
935 834 1172 905 postera
1211 825 1309 886 die
1348 824 1654 886 educatur.
1731 825 1952 886 Omnes
1989 829 2146 886 enim
2186 825 2386 886 morbi

244 919 311 969 59
350 914 580 974 radices
628 914 860 975 extrahi
896 918 1027 975 eius
1063 907 1401 974 ἰηίεοῑίὸηθ’
1423 914 1802 975 manifestum
1842 922 1951 975 est.
2024 914 2210 975 Nares
2248 933 2382 993 gra·

349 1005 500 1064 viter
555 1001 785 1063 olen'tes
842 1003 1114 1064 emendat
1169 1021 1351 1064 sucus
1407 1003 1662 1063 hederae
1724 1003 2071 1083 frequenter
2124 1004 2381 1064 infusuS.

244 1098 313 1147 60
350 1090 534 1152 Cuius
581 1110 755 1153 nares
802 1092 1099 1173 setebunt,
1156 1090 1610 1173 remediahitur,
1667 1093 1720 1152 si
1774 1110 1950 1153 nares
2007 1092 2151 1152 muli
2205 1111 2380 1153 oscu-

349 1178 536 1261 letur3
583 1180 859 1241 similiter
905 1180 1173 1259 proderit
1211 1180 1466 1259 mulieri,
1513 1182 1566 1240 si
1602 1198 1778 1240 nares
1816 1180 2008 1241 mulae
2047 1181 2379 1242 basiaverit.
2413 1201 2465 1241 ιο

244 1275 308 1322 61
350 1267 467 1338 Qui
512 1269 792 1349 polypum
841 1272 1084 1350 patitur,
1128 1268 1428 1329 brassicae
1477 1271 1766 1329 erraticae
1809 1269 2066 1330 radicem
2107 1277 2381 1331 conterat

349 1368 409 1418 et
465 1359 595 1419 eius
652 1377 862 1419 sucum
918 1358 1163 1419 adsidue
1222 1357 1467 1418 naribus
1523 1366 1812 1436 quantum
1871 1361 2136 1437 potuerit
2181 1359 2380 1439 ducat,

243 1451 310 1500 62
347 1447 505 1507 intra
560 1447 825 1508 triduum
881 1446 1327 1507 remediahitur.
1412 1446 1634 1506 Sucum
1690 1446 1946 1507 hederae
2002 1456 2065 1508 et
2109 1447 2377 1508 aristolo-

348 1537 497 1595 ciam
546 1545 607 1597 et
652 1555 937 1616 cyperum
975 1544 1036 1597 et
1073 1536 1428 1596 draconteae
1468 1554 1671 1596 semen
1709 1544 1769 1596 et
1806 1535 2131 1597 melilotum
2170 1539 2380 1615 aequis

347 1626 647 1685 mensuris
686 1632 927 1685 contere
967 1644 1034 1685 ac
1075 1623 1319 1685 naribus
1355 1623 1629 1706 infunde3
1675 1643 1793 1703 quo
1833 1625 1988 1686 facto
2026 1644 2145 1686 non
2184 1625 2380 1686 solum
2412 1644 2464 1684 15

240 1719 305 1767 63
347 1713 623 1792 fetorem,
682 1715 782 1774 sed
844 1716 1022 1775 etiam
1080 1731 1393 1774 cancroma
1441 1714 1674 1774 narium
1721 1712 1975 1774 curabis
2053 1714 2209 1774 Naso
2248 1733 2381 1792 gra-

344 1803 499 1862 viter
545 1803 741 1863 olente
781 1821 963 1864 sucus
1000 1801 1255 1862 hederae
1297 1802 1644 1879 frequenter
1679 1802 2034 1882 infunditur,
2071 1803 2379 1863 dracontei

346 1909 586 1969 quoque
635 1910 818 1953 sucus
865 1910 1004 1952 cum
1049 1890 1223 1952 melle
1268 1890 1516 1970 inditur,
1563 1908 1714 1968 quae
1761 1908 1861 1951 res
1899 1894 2074 1952 etiam
2112 1893 2378 1952 carcino-

239 1984 307 2035 64
346 1988 499 2040 mata
555 1983 827 2061 extirpat.
920 1979 1100 2040 Ficus
1156 1981 1334 2040 etiam
1395 1989 1626 2039 veteres
1682 1982 1971 2040 contritae
2032 1988 2092 2041 et
2145 1982 2207 2041 in
2264 1981 2379 2040 olla

347 2086 485 2127 cum
528 2086 707 2147 posca
756 2076 959 2129 coctae
1008 2068 1252 2129 naribus
1300 2069 1688 2149 instipantur3
1740 2067 1854 2129 hoc
1900 2071 2095 2130 omnia
2141 2071 2378 2132 narium
2407 2088 2459 2127 πο

240 2162 308 2212 65
347 2157 485 2215 vitia
534 2156 826 2217 emendat.
917 2156 1068 2216 Ruta
1117 2175 1189 2216 ex
1236 2167 1404 2217 aceto
1451 2158 1575 2216 acri
1621 2158 1955 2218 conteritur
2005 2166 2181 2237 atque
2237 2158 2378 2218 inde

346 2244 589 2323 pinnula
627 2247 1011 2325 intinguitur3
1058 2263 1123 2305 ea
1164 2248 1226 2305 in
1263 2263 1439 2305 nares
1486 2247 1756 2306 coniecta
1802 2249 2149 2325 sanguinem
2187 2246 2377 2307 fluen-

240 2342 307 2390 66
346 2341 465 2393 tem
514 2333 834 2394 efficaciter
880 2333 1134 2395 cohibet.
1211 2334 1457 2394 Stercus
1500 2336 1698 2395 asinae
1738 2335 1969 2396 aridum
2008 2335 2250 2396 naribus
2290 2339 2377 2396 in-

345 2422 585 2483 frictum
643 2426 991 2501 sanguinem
1049 2425 1178 2483 sine
1233 2424 1676 2483 intermissione
1731 2424 2013 2484 fluentem
2070 2427 2190 2484 cito
2236 2443 2376 2485 con-

240 2520 306 2568 67
345 2513 554 2591 pescit.
647 2511 894 2572 Stercus
950 2510 1304 2572 caballinum
1362 2514 1742 2590 exprimitur,
1798 2513 1937 2573 dum
1993 2532 2207 2573 recens
2264 2524 2375 2588 est,
2404 2530 2457 2570 25

346 2603 593 2679 eiusque
660 2619 841 2675 sucus
897 2600 1142 2661 naribus
1200 2600 1457 2660 trahitur
1521 2600 1594 2661 ab
1660 2619 1756 2682 eo,
1831 2604 1928 2661 cui
1992 2604 2375 2680 inportunius

240 2697 307 2747 68
346 2687 554 2749 fluunt.
647 2688 928 2750 Radicem
976 2687 1299 2769 symphyti,
1362 2689 1520 2767 quod
1577 2688 1734 2750 alum
1791 2689 2077 2751 Gallicum
2135 2690 2375 2771 dicitur,

240 2786 306 2836 69
346 2778 801 2839 commanducet
847 2786 908 2839 et
953 2777 1165 2856 glutiat
1212 2779 1316 2856 qui
1353 2777 1642 2856 profluvio
1690 2781 1925 2839 narium
1971 2778 2215 2839 laborat.
2286 2779 2373 2839 Ad

344 2885 548 2927 aurem
606 2867 872 2928 eiusdem
927 2868 1141 2946 partiS,
1202 2866 1275 2926 de
1334 2885 1447 2945 qua
1503 2884 1613 2945 per
1667 2885 1869 2928 narem
1927 2871 2169 2946 sanguis
2223 2868 2375 2949 fluit,

345 2955 465 3015 dici
510 2965 745 3035 oportet
791 2966 884 3016 ter
930 2957 1135 3015 novies
1183 2972 1483 3033 σοκσοκαμ
1528 2972 1790 3034 συκυμα;
1838 2959 2014 3018 etiam
2051 2967 2258 3035 postea
2299 2959 2374 3018 si·
2404 2974 2457 3014 so

239 3052 305 3102 70
345 3044 565 3104 militer
610 3045 789 3106 dices,
883 3043 1123 3104 Scribes
1177 3046 1240 3103 in
1296 3043 1499 3103 charta
1546 3047 1772 3122 virgine
1819 3055 1882 3107 et
1926 3045 2077 3106 collo
2125 3064 2374 3125 suspen-

344 3132 449 3193 des
496 3131 617 3193 lino
665 3133 801 3193 rudi
846 3132 1091 3211 ligatum
1143 3132 1334 3193 tribus
1381 3132 1553 3192 nodis
1605 3136 1686 3214 ei,
1742 3137 1844 3213 qui
1900 3134 2193 3213 profluvio
2241 3152 2373 3195 san-

239 3232 304 3280 ''11
344 3224 541 3300 guinis
569 3221 823 3283 laborat:
858 3236 909 3299 ψ
932 3234 1726 3300 αψεψηψεψηψαψε.
1770 3222 1833 3282 Si
1862 3225 1922 3283 in
1952 3241 2132 3284 manu
2162 3224 2373 3284 dextra

484 3381 520 3428 4
566 3374 616 3429 si
660 3392 761 3431 om.
809 3381 937 3430 ante
982 3391 1162 3430 sucus.
1346 3379 1378 3428 ὅ
1430 3372 1669 3443 spicillo.
1853 3382 1920 3431 13
1969 3375 2374 3433 aristolocium.

346 3452 412 3502 19
450 3447 721 3519 extirpat]
760 3446 1011 3515 exui-pat.
1174 3445 1349 3500 ollam
1387 3461 1511 3499 com
1549 3461 1737 3515 posca..
1900 3453 1970 3502 22
2007 3447 2376 3521 intinguitur]

342 3516 642 3646 gfiffllsslm.
769 3524 837 3573 27
886 3516 1242 3572 balcallicum
1295 3518 1416 3587 (sic)
1458 3531 1565 3585 pro
1612 3516 1764 3571 alum
1803 3515 1946 3573 Gall.
2108 3526 2177 3574 31
2217 3519 2378 3575 dicis.
