2575 4092
1022 208 1508 275 -277—

423 370 762 432 Palmarum
815 389 1066 432 numero
1122 369 1231 431 XX
1290 371 1534 453 pulpae,
1596 373 1763 432 iunci
1824 371 2043 434 radicis
2098 371 2150 432 X
2204 370 2277 455 X,
2314 384 2384 434 20

244 459 433 541 gallae
479 463 811 521 inmaturae
860 459 911 519 X
948 458 1019 539 X,
1064 478 1299 540 myrrae
1345 459 1398 520 X
1436 459 1508 542 V3
1557 460 1892 522 tunduntur
1930 468 1990 522 et
2025 462 2278 521 miscen-

247 559 351 611 tur
404 551 683 610 universa
739 556 916 628 atque
964 567 1036 610 ex
1083 549 1362 611 omnibus
1407 550 1561 609 fiunt
1605 567 1678 609 ex
1723 551 1860 609 vino
1904 548 2127 629 pastilli
2170 568 2279 611 nu-

244 656 416 699 mero
453 635 635 719 XXX,
680 637 898 698 dantur
945 636 1219 699 similiter
1264 646 1334 700 ut
1376 637 1682 717 praedicta
1725 638 2158 699 medicamenta
2206 656 2281 699 ex

191 745 218 788 ⁶
249 725 517 807 quolibet
563 725 811 805 liquore.

428 814 714 876 Balaustii
759 814 812 875 X
848 813 912 896 V,
960 816 1191 894 soporis
1237 814 1290 875 X
1328 813 1407 897 11,
1463 813 1646 893 gallae
1693 816 2024 876 inmaturae
2068 813 2277 894 pilula·
2315 826 2383 877 21

247 922 389 965 rum
427 903 477 963 X
513 902 583 985 II,
629 903 901 965 tamarici
937 905 1181 964 seminis
1220 902 1270 963 X
1308 902 1381 984 11,
1422 905 1579 964 turis
1615 902 1668 963 X
1704 901 1831 984 1111,
1867 903 2015 964 rhus
2053 902 2281 983 Syriaci

250 991 303 1053 X
338 990 467 1073 1111,
511 995 892 1054 vinaceorum
937 999 1230 1053 tostorum
1279 992 1331 1052 X
1367 992 1443 1074 V;
1497 992 1639 1053 hinc
1685 990 1929 1071 pilulam
1976 991 2048 1052 ad
2096 991 2282 1053 duum

250 1081 631 1142 denariorum
675 1081 913 1160 pondus
959 1099 1096 1143 cum
1140 1082 1383 1160 potione
1430 1099 1502 1141 ex
1548 1082 1672 1141 vini
1716 1083 1873 1159 nigri
1910 1080 2138 1160 cyathis
2176 1082 2273 1142 tri·

169 1189 223 1230 1o
250 1168 366 1231 bus
402 1169 770 1249 totidemque
808 1187 994 1248 aquae
1033 1168 1255 1231 calidae
1293 1172 1474 1231 mixta
1512 1172 1840 1230 torminoso
1869 1170 1999 1230 dari
2027 1176 2281 1250 oportet.

431 1257 495 1318 Si
530 1259 843 1320 torminosi
870 1257 963 1318 vel
996 1257 1205 1338 cyliani
1231 1266 1480 1337 propter
1505 1258 1850 1338 frequentes
1880 1258 2279 1333 desurrectio-
2318 1268 2387 1318 22

248 1359 358 1407 nes
413 1346 642 1407 viribus
698 1347 1080 1428 deficientur,
1135 1346 1360 1407 dandae
1417 1355 1595 1408 erunt
1651 1350 1739 1407 eis
1793 1347 2151 1408 sorbitiones
2208 1366 2281 1408 ex

251 1452 522 1496 cremore
577 1436 753 1495 farris
807 1434 902 1496 vel
956 1453 1028 1495 ex
1082 1437 1317 1514 ptisana
1370 1435 1560 1495 factae
1615 1434 1790 1496 modo
1835 1453 1947 1515 per
1993 1453 2057 1495 se
2105 1434 2282 1518 solae,

250 1523 428 1584 modo
475 1541 613 1584 cum
657 1542 793 1584 rosa
840 1524 1233 1603 unguentaria
1279 1525 1525 1605 mixtae,
1578 1522 1671 1583 vel
1718 1526 1812 1585 ius
1858 1523 2107 1603 gallinae
2152 1525 2281 1602 pin-

171 1630 224 1671 15
251 1614 387 1691 guis
452 1619 729 1673 excoctae
795 1630 932 1673 cum
998 1611 1213 1691 butyro
1278 1613 1373 1672 vel
1434 1611 1526 1672 lac
1586 1629 1917 1690 caprunum
1973 1619 2076 1673 aut
2129 1612 2280 1674 ovile

248 1699 518 1779 tepidum
562 1718 675 1781 per
718 1719 783 1761 se
828 1699 924 1761 vel
967 1702 1145 1761 etiam
1194 1701 1506 1762 decoctum
1552 1718 1690 1761 cum
1735 1700 1950 1781 butyro
1998 1708 2059 1761 et
2103 1698 2279 1763 lenti·

251 1787 384 1850 cula
442 1789 715 1850 similiter
770 1790 924 1851 facta
979 1788 1253 1870 prodest3
1309 1789 1646 1868 inponenda
1699 1806 1840 1868 vero
1893 1799 2034 1849 sunt
2078 1792 2281 1851 tormi-

250 1878 417 1938 nosis
454 1877 711 1957 fatigatis
749 1895 781 1938 a
818 1876 1122 1938 stomacho
1160 1895 1354 1957 usque
1391 1877 1463 1938 ad
1502 1879 1744 1957 inguina
1782 1885 2084 1956 unguenta
2129 1896 2280 1956 quae

253 1968 515 2045 spissant
561 1973 759 2027 cutem
806 1983 892 2046 ea,
939 1965 1158 2045 quibus
1205 1968 1588 2045 unguentarii
1631 1972 1901 2027 utuntur.

173 2071 225 2111 20
433 2052 945 2130 Medicamentum,
976 2054 1135 2134 quod
1160 2073 1268 2135 per
1298 2073 1474 2116 anum
1502 2055 1748 2116 inicitur
1776 2055 2138 2136 torminosiS,
2167 2057 2280 2117 sic:
2317 2060 2385 2110 23

252 2141 445 2204 Calcis
469 2144 648 2224 vivae,
677 2142 1048 2224 sandaracae,
1078 2145 1516 2225 auripigmenti,
1546 2142 1917 2224 singulorum
1942 2145 2107 2223 paria
2135 2162 2281 2223 pon·

252 2231 414 2312 dera,
460 2237 741 2292 teruntur
786 2250 905 2293 una
950 2233 1146 2293 omnia
1183 2252 1255 2293 ex
1294 2251 1448 2312 aqua
1483 2232 1576 2293 vel
1613 2251 1686 2293 ex
1725 2251 1869 2294 suco
1907 2231 2280 2315 plantaginis,

255 2320 444 2380 donec
497 2321 731 2399 possint
787 2322 974 2401 coire,
1029 2329 1176 2383 tunc
1230 2320 1454 2400 pastilli
1507 2323 1684 2402 fiunt3
1739 2339 1879 2382 cum
1924 2339 2076 2401 opus
2123 2329 2280 2403 sunt,

253 2414 536 2469 teruntur
600 2416 661 2468 et
723 2410 1053 2469 iniciuntur
1107 2409 1179 2470 ad
1235 2411 1527 2488 cuiusque
1584 2412 1769 2490 vires,
1835 2417 1903 2470 ut
1955 2410 2282 2489 plurimum

175 2511 226 2553 25
254 2495 306 2556 X
354 2494 465 2557 1111
521 2504 624 2557 aut
678 2499 988 2558 minimum
1034 2496 1085 2556 X
1132 2497 1185 2557 11
1241 2515 1378 2558 cum
1423 2498 1661 2558 hemina
1706 2497 1799 2558 vel
1845 2507 1913 2559 ut
1956 2498 2281 2577 plurimum

255 2602 394 2645 cum
450 2584 676 2664 cyathis
731 2583 887 2646 vl111
942 2603 1127 2664 aquae
1183 2603 1323 2646 cum
1377 2587 1587 2665 myrtis
1647 2585 1926 2647 decoctae
1986 2586 2081 2647 vel
2145 2605 2282 2648 cum

252 2691 426 2734 rosae
474 2673 630 2734 foliis
667 2673 760 2733 vel
796 2673 1073 2755 lentisco;
1118 2674 1551 2735 medicamento
1591 2692 1731 2735 sane
1767 2674 1881 2735 hoc
1916 2677 2009 2736 uti
2045 2683 2283 2753 oportet

252 2780 374 2822 non
419 2764 578 2822 inter
624 2763 794 2823 initia
838 2764 1227 2843 torminosos,
1284 2762 1389 2823 sed
1445 2781 1581 2823 cum
1628 2762 1963 2843 malignitas
2007 2764 2138 2823 vitii
2184 2781 2281 2841 ap-

252 2852 550 2932 paruerit,
608 2858 670 2911 et
725 2852 776 2911 si
830 2869 952 2911 non
1009 2850 1218 2911 eodem
1272 2851 1395 2933 die,
1462 2869 1577 2930 quo
1633 2854 1892 2931 primum
1948 2849 2281 2933 adhibetur,

172 2955 227 2995 so
253 2939 579 3020 profuerit,
636 2940 814 2999 etiam
872 2941 1148 3019 sequenti
1201 2940 1336 2999 fieri
1384 2939 1698 3018 oportebit.
1792 2940 1856 3001 Si
1903 2941 2036 3020 quis
2084 2947 2279 3001 autem

252 3045 494 3088 morsus
547 3029 996 3109 intestinorum,
1054 3046 1191 3088 cum
1242 3029 1559 3089 inmissum
1615 3031 1731 3090 erit
1783 3029 2280 3090 medicamentum

256 3123 360 3177 aut
415 3134 554 3178 cum
607 3117 789 3198 redit,
842 3118 1206 3197 insequitur,
1260 3116 1609 3178 infundatur
1663 3119 1862 3179 statim
1914 3136 2025 3198 per
2072 3117 2282 3196 clyste-

253 3206 415 3265 rium
460 3203 776 3266 lenticulae
823 3204 1102 3266 decoctae
1149 3223 1300 3284 aqua
1336 3204 1428 3265 vel
1465 3205 1755 3287 furfures3
1802 3205 2106 3267 sedabitur
2143 3223 2281 3264 con-

438 3364 466 3411 1
505 3356 740 3413 radices.
921 3363 953 3412 6
998 3356 1314 3412 balaustici.
1504 3357 1743 3428 soporis]
1797 3357 1912 3426 opii
1959 3357 2277 3412 Gomarius.

252 3434 288 3483 8
324 3428 700 3483 vinaceorum.
828 3434 860 3483 9
899 3428 1315 3483 denariumrum
1350 3430 1486 3497 (sic).
1618 3433 1683 3482 10
1721 3428 1947 3482 mixtae.
2061 3433 2126 3482 13
2164 3444 2279 3482 cre-

251 3499 455 3582 moreJ·
477 3514 510 3553 o
551 3513 754 3554 emore.
945 3503 1011 3554 15
1049 3499 1284 3554 ovillum
1322 3500 1644 3555 Gornarius.
1839 3503 1907 3554 28
1943 3498 2279 3554 torminosos

250 3571 481 3641 scripst:
579 3568 853 3625 rminosis.
997 3575 1069 3625 34
1104 3586 1301 3639 aquae.
