2575 4092
1065 220 1551 311 ‚-3o—

325 391 528 445 coctos
564 385 849 463 inponere
895 383 1041 445 utile
1079 392 1171 444 est
1208 384 1301 445 vel
1340 382 1553 445 bulbos
1591 381 1791 444 scillae
1829 401 1903 444 ex
1939 401 2090 462 aqua
2132 392 2352 465 coctoS,

323 474 407 534 ita
454 479 520 533 ut
566 472 843 534 aluminis
887 472 1097 554 liquidi
1143 472 1493 534 tantundem
1539 471 1822 551 ponderis
1859 472 2256 534 admisceatur
2292 480 2354 533 et

217 575 284 626 22
325 564 410 624 sic
459 570 638 640 caput
682 560 983 623 inlinatur.
1056 561 1145 623 Ad
1183 580 1269 643 ea,
1313 580 1464 641 quae
1508 562 1850 624 fervescunt
1883 563 1947 623 in
1984 563 2177 640 capite
2216 579 2353 622 cum

323 649 577 733 rubore,
630 650 738 711 lini
791 668 994 713 semen
1053 658 1374 713 contusum
1429 659 1490 712 et
1535 650 1707 713 melle
1754 667 2145 730 consparsum
2181 652 2349 729 inpo-

217 754 286 804 23
325 740 590 801 nendum
635 747 743 800 est.
819 740 909 800 Ad
956 742 1167 821 capitis
1214 739 1451 801 dolores
1496 742 1560 803 in
1597 739 1777 803 febri:
1824 739 2012 801 Rutae
2052 739 2348 800 silvaticae
2375 762 2402 804 s

326 830 570 892 seminis
626 828 716 890 vel
772 837 942 890 rutae
998 830 1221 891 noditis
1275 829 1521 910 radiciS,
1584 847 1656 890 ex
1712 847 1828 908 qua
1873 828 2020 891 rhus
2067 830 2352 908 nascitur,

323 935 582 999 murrae,
617 918 905 998 pyrethri,
942 917 1292 999 aphronitri,
1332 917 1472 980 salis
1504 919 1873 998 ammoniaci,
1910 919 2133 997 piperis
2172 916 2352 998 longi,

322 1006 579 1069 hederae
627 1006 792 1067 albae
841 1005 1115 1069 foliorum
1167 1007 1257 1068 vel
1302 1005 1582 1069 bacarum
1592 1054 1610 1088 ,
1657 1005 1886 1086 bidelli,
1932 1005 2183 1089 galbani,
2229 1004 2348 1066 bal·

325 1097 490 1177 sami,
526 1096 633 1156 iris
671 1094 956 1175 Illyricae,
994 1095 1361 1174 singularum
1400 1098 1736 1175 specierum
1773 1094 1825 1155 X
1853 1095 2057 1176 denoS,
2096 1095 2352 1157 castorei

324 1182 376 1244 X
422 1183 557 1265 1111,
613 1183 809 1247 balani
854 1187 1235 1264 unguentarii
1282 1184 1335 1244 X
1371 1184 1449 1266 11,
1504 1185 1732 1247 thamni
1775 1182 1827 1244 X
1865 1183 1934 1246 X.
2026 1185 2191 1246 Trita
2227 1202 2349 1244 om·
2378 1210 2429 1250 ιο

322 1275 419 1334 nia
474 1275 536 1333 in
594 1291 780 1335 unum
835 1276 1175 1337 coiciuntur
1229 1292 1370 1335 cum
1424 1276 1580 1336 aceti
1633 1273 1891 1336 scillitici
1937 1282 2225 1353 quantum
2272 1274 2351 1334 sit

321 1361 470 1425 libra
518 1380 652 1423 una.
727 1361 847 1423 Sed
891 1365 972 1423 ita
1010 1361 1441 1443 temperabitur
1480 1362 1862 1445 medicamen,
1909 1362 2097 1424 donec
2146 1364 2348 1442 spissi·

322 1450 592 1511 tudinem
638 1450 831 1513 mellis
867 1453 1136 1534 recipiat,
1182 1460 1361 1531 atque
1408 1454 1489 1513 ita
1535 1460 1861 1531 reponetur
1905 1453 1968 1515 in
2005 1470 2143 1512 vaso
2181 1450 2349 1512 fictili

321 1548 382 1600 et
428 1557 564 1601 cum
613 1558 764 1621 opus
807 1541 1007 1621 suerit,
1052 1541 1191 1603 inde
1229 1550 1501 1603 sumetur
1539 1549 1824 1621 quantum
1864 1542 2007 1603 satis
2046 1542 2141 1623 sit,
2189 1539 2349 1620 qued

320 1631 384 1691 in
449 1628 688 1690 linteolo
753 1628 906 1691 bene
971 1637 1178 1692 tenero
1243 1632 1438 1709 spisso
1495 1630 1805 1709 inlinatur,
1868 1638 2347 1709 perunctumque
2374 1653 2428 1695 ιε

216 1722 285 1773 24
321 1735 567 1779 rosaceo
615 1718 846 1780 modico
892 1722 1232 1798 inponetur.
1309 1717 1374 1779 Si
1420 1721 1641 1780 vastior
1685 1718 1868 1781 fuerit
1913 1718 2082 1779 dolor
2119 1720 2349 1799 capitis,

322 1806 820 1871 medicamentum
866 1816 986 1869 tam
1035 1811 1298 1887 spissum
1344 1808 1446 1868 fiat
1490 1808 1644 1869 infra
1683 1810 1992 1889 scriptum,
2041 1826 2218 1887 quam
2255 1815 2348 1868 est

322 1895 726 1977 emplastrum,
774 1904 835 1959 et
880 1896 1122 1958 linteolo
1169 1897 1356 1959 denso
1401 1898 1749 1976 inponatur:
1796 1897 1949 1976 Agni
1994 1899 2239 1958 seminis
2285 1903 2349 1956 et

320 1984 649 2063 peucedani
686 1985 905 2046 radicis
944 1984 995 2044 X
1023 1984 1151 2066 IIII,
1193 1986 1365 2048 iridis
1402 1984 1454 2045 X
1482 1985 1560 2068 113
1608 1995 1776 2047 aceto
1812 1987 1982 2064 prius
2018 1994 2348 2047 maceratas

319 2072 427 2133 has
484 2075 716 2152 species
757 2091 1070 2153 -excoques
1127 2074 1218 2135 vel
1263 2074 1596 2137 contundes
1642 2083 1704 2136 et
1748 2093 1884 2137 rosa
1930 2073 2122 2136 dilues
2169 2084 2346 2154 atque
2373 2098 2429 2140 so

212 2167 282 2217 25
319 2163 401 2221 ita
447 2178 582 2223 raso
629 2163 810 2241 capiti
853 2164 1123 2241 inpones.
1195 2162 1284 2224 Ad
1324 2163 1704 2227 vehementes
1742 2164 2097 2227 feminarum
2134 2164 2349 2242 capitis

319 2249 555 2311 dolores
593 2257 653 2311 et
691 2251 1126 2333 suffocationeS,
1164 2270 1316 2331 quae
1355 2252 1428 2313 de
1465 2252 1637 2314 vulva
1667 2255 1928 2333 veniunt,
1964 2252 2124 2332 quod
2157 2269 2348 2331 genus

317 2338 669 2400 valetudinis
699 2338 911 2401 Graeci
937 2340 1274 2421 hystericen
1303 2343 1481 2421 pniga
1509 2350 1737 2424 vocant,
1775 2351 1835 2404 et
1870 2340 1943 2402 ad
1972 2359 2092 2423 eoS,
2121 2344 2227 2422 qui
2252 2359 2348 2402 ca-

319 2427 458 2488 duci
494 2428 891 2511 appellantur,
929 2437 990 2491 et
1027 2430 1099 2493 ad
1140 2431 1463 2493 freneticos
1501 2438 1563 2491 et
1602 2433 1704 2510 qui
1737 2432 2057 2510 vertigines
2096 2429 2346 2492 habent:

319 2515 646 2598 Sphondyli
673 2517 726 2579 X
754 2537 876 2599 sex,
915 2522 1171 2581 castorei
1199 2518 1250 2581 X
1280 2517 1371 2600 VI,
1398 2519 1730 2599 peucedani
1757 2518 1809 2579 X
1837 2519 1909 2600 11,
1937 2538 2159 2581 nucum
2187 2537 2345 2580 ama·
2376 2542 2430 2584 π

316 2624 518 2666 rarum
557 2606 610 2666 X
646 2605 736 2668 VI.
819 2607 979 2670 Haec
1027 2627 1163 2671 cum
1210 2616 1380 2669 aceto
1427 2616 1488 2669 et
1533 2626 1666 2669 rosa
1713 2608 1866 2669 bene
1912 2611 2054 2670 trita
2101 2617 2161 2670 et
2207 2627 2347 2688 per-

211 2700 281 2750 26
319 2696 502 2755 mixta
531 2698 709 2775 capiti
738 2697 1154 2759 infunduntur.
1227 2697 1321 2758 Ad
1348 2696 1609 2759 diutinos
1640 2700 1851 2777 capitis
1881 2697 2135 2780 dolores,
2163 2700 2348 2760 etiam

316 2791 681 2867 veternosoS,
729 2804 880 2865 quos
917 2785 1129 2848 Graeci
1165 2786 1522 2865 lethargicos
1558 2795 1787 2868 vocant,
1826 2793 1886 2847 et
1924 2786 2245 2849 freneticos
2284 2794 2348 2847 et

317 2872 388 2933 ad
428 2876 623 2935 omnia
662 2876 819 2956 vitia,
859 2894 1008 2955 quae
1039 2877 1198 2936 circa
1227 2883 1406 2954 caput
1439 2883 1818 2955 generantur,
1857 2877 2034 2936 etiam
2064 2876 2136 2936 ad
2166 2875 2346 2955 poda-

316 2980 507 3040 gram:
573 2962 754 3025 Cerae
811 2964 863 3024 X
908 2962 1256 3045 LXXXIIII,
1304 2964 1420 3025 olei
1475 2967 1691 3028 veteris
1740 2964 1791 3025 X
1836 2962 2161 3044 LXXXIII,
2218 2964 2344 3025 alu·
2373 2989 2429 3030 so

316 3052 494 3111 minis
550 3053 675 3113 fissi
720 3052 772 3112 X
818 3051 918 3134 VI,
975 3053 1218 3132 glutinis
1264 3056 1487 3114 taurini
1533 3053 1584 3114 X
1624 3052 1704 3136 X,
1760 3053 2088 3132 peucedani
2127 3052 2179 3113 X
2216 3052 2348 3135 XX,

315 3142 507 3201 casiae
538 3140 589 3201 X
618 3139 689 3220 X,
732 3144 963 3203 resinae
999 3142 1438 3204 terebinthinae
1468 3142 1519 3203 X
1548 3141 1674 3222 XX,
1711 3145 1862 3222 picis
1900 3142 2159 3222 liquidae
2189 3142 2241 3203 X
2269 3140 2346 3225 X,

315 3229 547 3308 galbani
585 3230 637 3290 X
677 3229 854 3312 XIIII,
893 3232 1052 3292 aloes
1089 3231 1141 3292 X
1170 3230 1316 3292 XVI.
1390 3231 1717 3294 Taurinum
1755 3230 1960 3311 gluten
1997 3250 2134 3294 cum
2172 3239 2345 3293 aceto

315 3318 388 3378 ad
425 3321 622 3397 ignem
663 3319 927 3402 solvitur,
969 3321 1379 3400 peucedanum
1419 3329 1479 3382 et
1516 3324 1673 3383 casia
1708 3324 1844 3383 vino
1878 3327 2172 3383 macerata
2202 3339 2346 3382 con·

459 3460 487 3508 1
529 3458 734 3511 coctas.
878 3463 910 3512 6
948 3456 1106 3528 rhus]
1146 3457 1337 3511 chrun.
1468 3462 1535 3512 10
1573 3458 1975 3526 unguentariae
2016 3456 2345 3513 Coo-narius.

316 3531 382 3580 19
410 3526 645 3582 radices.
719 3532 789 3582 20
816 3544 1152 3598 exquoques.
1227 3534 1296 3582 23
1325 3527 1552 3598 pignan.
1628 3534 1696 3583 28
1724 3528 2018 3584 veteranis.
2094 3534 2160 3584 31
2191 3528 2348 3598 glub-

311 3597 462 3653 tinis.
611 3604 677 3654 32
717 3599 899 3655 casiae
941 3598 995 3654 X
1029 3599 1081 3653 X
1117 3615 1219 3655 om.
1366 3605 1435 3654 33
1472 3599 1725 3655 taurinus
1763 3599 1979 3671 gluttis.
