2575 4092
1014 258 1451 323 -57-

216 426 478 503 positum
542 440 778 484 necnon
843 430 903 483 et
970 421 1224 483 laterum
1282 421 1474 482 dolori
1528 420 1772 501 prodest
1827 419 2102 482 similiter
2156 423 2242 483 in·

216 515 493 592 positum.
588 510 889 591 Empyicis
935 530 1073 572 vero
1121 509 1212 571 vel
1257 512 1670 591 aemoptyicis,
1716 511 1775 571 id
1824 518 1915 571 est
1962 512 2066 589 qui
2112 528 2241 571 san·

217 603 456 681 guinem
502 600 576 661 de
622 599 953 661 visceribus
999 618 1108 679 per
1153 618 1221 661 os
1267 601 1542 681 eiectant,
1583 598 1867 680 proderit,
1918 601 1969 660 si
2015 598 2243 660 thoraci

217 689 530 751 inductum
585 689 743 750 aluta
805 691 1140 769 inponatur.
1234 688 1399 750 Facit
1467 696 1527 750 et
1593 688 1664 748 ad
1730 695 1995 749 reumata
2061 695 2121 748 et
2171 688 2242 749 ad

167 796 192 837 5
218 779 515 839 arthritim
570 796 679 857 pro
734 777 1080 856 malagmate
1132 777 1495 859 adpositum,
1555 777 1848 858 protrahit
1894 784 1955 838 et
2001 778 2243 855 sagittas

219 875 277 928 et
313 867 493 927 sudes
531 874 591 927 et
630 869 681 927 si
719 885 834 946 qua
872 869 1111 947 corpori
1148 866 1532 946 inhaeserint,
1578 865 1853 927 similiter
1891 864 2242 944 adpositum.

216 956 302 1016 Ad
349 955 479 1016 loca
524 974 663 1016 vero
710 955 1003 1037 pudenda,
1050 956 1108 1017 id
1157 962 1249 1015 est
1295 955 1366 1016 ad
1416 973 1628 1035 penem
1677 957 1800 1015 sive
1839 954 1909 1014 ad
1951 954 2241 1036 podicem,

215 1063 353 1106 cum
410 1043 647 1123 aliquod
701 1043 822 1106 illic
878 1044 1094 1105 vulnus
1150 1045 1359 1125 fuerit,
1421 1044 1681 1105 solutum
1745 1044 2240 1105 medicamentum

216 1151 353 1195 cera
390 1141 451 1193 et
486 1133 615 1194 oleo
654 1135 909 1212 myrtino
946 1133 1296 1213 adponetur.
1360 1132 1422 1193 Si
1456 1151 1596 1194 vero
1624 1131 2017 1195 muliebribus
2046 1133 2242 1193 causis

139 1242 188 1282 ιο
217 1223 400 1282 fuerit
456 1224 884 1304 necessarium,
937 1221 997 1282 id
1055 1230 1148 1283 est
1203 1224 1255 1282 si
1310 1222 1479 1283 vulva
1530 1221 1795 1282 dolorem
1842 1221 1934 1283 vel
1981 1222 2242 1283 carcino-

216 1318 373 1371 mata
419 1313 808 1390 contraxerit,
862 1318 1121 1391 ponetur
1166 1329 1302 1372 cum
1350 1310 1480 1372 oleo
1528 1313 1820 1392 susinato,
1876 1312 1957 1371 ita
2008 1318 2076 1371 ut
2124 1328 2242 1371 em·

213 1399 504 1479 plastrum
553 1407 760 1460 contra
804 1398 972 1460 illum
1020 1399 1234 1481 locum,
1281 1402 1386 1480 qui
1422 1401 1482 1460 in
1523 1418 1700 1461 causa
1738 1408 1845 1479 est,
1892 1399 2241 1479 adponatur.

216 1488 302 1548 Ad
341 1486 741 1549 carbunculos
776 1506 919 1549 sane
956 1495 1018 1549 et
1055 1488 1367 1550 anthracas
1416 1496 1475 1549 et
1522 1488 1797 1549 escharas
1835 1487 2065 1567 aliaque
2108 1506 2241 1549 reu·

214 1579 551 1637 matizantia
596 1576 690 1637 vel
736 1577 806 1636 ad
857 1584 1115 1638 strumas
1158 1585 1218 1638 et
1262 1585 1624 1657 apostemata
1673 1576 2035 1637 medicamen
2086 1576 2241 1636 solu-

132 1684 185 1726 ιο
213 1674 341 1727 tum
399 1664 827 1745 aliquantulum
886 1665 1058 1726 melle
1113 1665 1360 1727 debebis
1423 1665 1739 1745 adponere.
1833 1663 1980 1725 Cum
2046 1671 2243 1725 autem

211 1763 499 1835 purgatae
557 1755 782 1815 fuerint
833 1754 1080 1834 pusulae
1119 1754 1211 1815 vel
1259 1754 1643 1816 collectiones
1691 1763 1750 1814 et
1795 1753 2067 1833 vulnera,
2115 1760 2241 1813 tum

214 1845 343 1903 sine
401 1841 574 1903 melle
641 1842 1025 1922 emplastrum
1087 1862 1221 1905 cum
1290 1861 1441 1922 puro
1504 1842 1895 1903 medicamine
1961 1841 2240 1921 adpones.

215 1930 382 1992 Facit
439 1940 499 1992 et
553 1931 625 1992 ad
684 1931 1032 1993 furunculos
1078 1932 1354 1993 similiter
1399 1934 1623 1993 siccum
1672 1931 2006 2010 adpositum
2064 1938 2124 1992 et
2170 1931 2239 1991 ad

212 2038 452 2081 omnem
490 2018 764 2100 pusulam
803 2029 864 2082 et
898 2022 1188 2082 maculam
1228 2022 1577 2103 curandam,
1627 2022 1850 2099 rumpit
1893 2022 2051 2080 enim
2092 2038 2241 2099 quae

130 2128 186 2169 so
215 2115 497 2170 concreta
545 2116 686 2170 sunt
732 2117 793 2170 et
837 2118 1052 2188 purgat
1099 2118 1159 2171 et
1208 2112 1530 2173 cicatricat.
1605 2109 1751 2171 Cum
1791 2116 1987 2170 autem
2025 2108 2242 2170 vulnus

210 2205 332 2277 est,
391 2197 464 2262 de
522 2216 640 2277 quo
697 2198 1030 2259 inmodicus
1096 2201 1337 2278 sanguis
1392 2201 1683 2280 erumpit,
1740 2197 2073 2277 adpositum
2130 2198 2242 2259 hoc

208 2286 712 2348 medicamentum
767 2286 904 2348 ilico
961 2295 1021 2348 et
1076 2290 1421 2367 sauguinem
1479 2290 1638 2348 sistit
1692 2295 1753 2347 et
1810 2287 2025 2348 vulnus
2073 2294 2244 2348 curat

209 2384 272 2436 et
319 2384 521 2436 cutem
559 2377 917 2455 constringit
953 2385 1012 2438 et
1050 2378 1390 2437 cicatricem
1431 2383 1671 2437 tenuem
1709 2375 1867 2437 facit.
1934 2374 2240 2437 Resolutio

208 2472 414 2525 autem
479 2463 574 2525 vel
638 2467 966 2544 conpositio
1026 2465 1361 2545 adponendi
1425 2463 1772 2526 vulneribus
1836 2464 2242 2525 medicaminis

128 2572 182 2613 25
210 2553 352 2614 talis
401 2560 510 2613 est.
558 2551 758 2614 Mittes
803 2553 982 2614 huius
1030 2554 1436 2622 medicaminis
1490 2587 1561 2596 —
1600 2552 1679 2613 111
1718 2561 1777 2613 et
1812 2553 2032 2613 adicies
2071 2571 2241 2614 cerae

208 2675 295 2685 -—
337 2640 382 2721 1,
420 2641 537 2702 olei
574 2643 791 2703 veteris
820 2675 907 2685 --
936 2640 1037 2723 V13
1084 2642 1178 2703 his
1216 2661 1376 2726 vero,
1414 2644 1517 2722 qui
1554 2641 1773 2703 habent
1810 2649 1911 2703 aut
1948 2642 2010 2702 in
2050 2644 2242 2721 capite

207 2738 313 2792 aut
361 2733 425 2791 in
472 2730 718 2790 auribus
763 2738 865 2792 aut
911 2732 972 2792 in
1012 2730 1256 2792 naribus
1294 2749 1501 2792 causas
1541 2739 1601 2792 et
1638 2730 1896 2810 vulnera,
1946 2730 2242 2809 adponen-

205 2820 355 2881 dum
411 2821 498 2879 sic
554 2818 817 2880 resolves
872 2819 1237 2881 medicamen
1300 2822 1427 2880 sine
1484 2838 1645 2900 cera,
1702 2819 1896 2881 oleum
1946 2838 2085 2880 sane
2133 2838 2241 2899 pro

204 2916 502 2989 tempore,
547 2907 608 2967 id
656 2916 748 2969 est
794 2909 847 2969 si
892 2915 1086 2969 aestas
1128 2908 1328 2990 fuerit,
1373 2911 1571 2969 minus
1611 2908 1857 2970 adicies:
1905 2911 1956 2968 si
1992 2908 2241 2988 hiemps,

126 3016 177 3056 so
206 2997 468 3076 amplius
525 2996 822 3058 infundes,
913 2996 1080 3058 Facit
1134 3007 1194 3058 et
1249 2998 1320 3059 ad
1376 3016 1615 3058 morsus
1669 2996 1927 3057 hominis
1974 3005 2034 3058 et
2080 2999 2243 3058 canis

204 3085 422 3147 rabidi.
515 3083 843 3146 Nervorum
900 3104 1137 3165 quoque
1197 3088 1519 3148 incisiones
1568 3085 1659 3147 vel
1706 3086 2041 3147 collisiones
2088 3086 2241 3147 salu-

203 3174 402 3236 briter
451 3181 647 3254 curat3
705 3174 923 3253 quibus
976 3192 1114 3236 cum
1160 3175 1518 3236 medendum
1565 3175 1773 3256 fuerit,
1819 3175 1999 3236 addes
2047 3174 2241 3236 oleum

202 3281 526 3325 rosaceum
581 3281 716 3323 cum
772 3262 1007 3325 modico
1063 3273 1230 3325 aceto
1288 3265 1454 3325 lanae
1502 3264 1742 3325 sucidae
1788 3264 2001 3332 infuso.
2093 3263 2240 3324 Cum

201 3361 409 3414 autem
478 3350 828 3431 adposueris
893 3352 987 3413 his
1052 3354 1249 3414 causis
1322 3353 1436 3413 hoc
1500 3353 2031 3431 medicamentum,
2105 3359 2243 3429 post

349 3495 384 3543 2
443 3486 829 3558 aemoptoicis.
1044 3493 1080 3542 4
1134 3487 1489 3543 threumatat‘
1505 3491 1516 3503 '
1537 3487 1865 3542 thraumata
1921 3486 2239 3542 GornariuS.

201 3566 234 3615 5
257 3556 603 3643 arcthrisim.
699 3565 763 3613 13
784 3558 1405 3683 escharas1scbaradas.
1503 3564 1566 3613 19
1596 3558 1821 3613 malam.
1914 3563 1983 3611 29
2003 3557 2238 3627 hiemps.

200 3637 272 3685 30
311 3630 598 3685 infundas.
749 3635 814 3683 31
854 3629 947 3685 vel
983 3647 1049 3686 co
1076 3632 1303 3685 llslones
1341 3647 1438 3686 om.

2279 1494 2345 1544 21

2278 2382 2346 2432 22
