2575 4092
988 242 1477 309 -153—

224 406 417 466 omnia
479 405 629 466 haec
692 404 1146 483 diligentissime
1211 406 1352 467 trita
1418 413 1480 467 et
1539 404 1714 467 melle
1778 405 2026 467 collecta
2089 404 2247 468 labo·

221 496 375 555 ranti
421 492 726 555 dabuntur
772 512 1052 555 mensura
1099 512 1168 555 ac
1214 497 1446 556 ratione
1491 497 1591 575 ita,
1641 502 1710 556 ut
1755 502 1924 556 terna
1971 495 2248 557 cocliaria

220 585 458 644 ieiunus
504 583 773 662 accipiat.

1053 776 1215 839 CAR
1262 775 1410 838 xvi.

217 889 323 945 Ad
369 902 607 945 omnes
649 890 1000 945 molestias
1043 890 1253 945 tussis
1300 892 1370 946 et
1413 889 1677 946 subitae
1720 892 1791 945 et
1826 889 2127 946 diutinae
2164 903 2246 946 ac

217 980 529 1034 vetustae
559 980 629 1033 et
655 977 871 1034 siccae
908 981 1118 1048 atque
1149 978 1426 1034 umidae
1456 981 1527 1033 et
1553 979 1642 1035 ad
1675 978 2001 1048 pthisicos
2036 981 2244 1049 atque

220 1080 332 1123 eos
378 1066 502 1136 qui
546 1067 1157 1136 sanguinulentam
1204 1069 1273 1122 et
1317 1066 1768 1136 purulentum
1810 1069 2132 1123 excreant
2176 1070 2246 1122 et

217 1156 304 1211 ad
368 1155 712 1224 empyioos
775 1156 889 1211 vel
949 1155 1462 1225 pleumoniacos
1534 1158 1742 1227 atque
1813 1169 1929 1212 eos
1992 1156 2245 1226 quibus

218 1256 381 1301 casu
427 1244 880 1314 sanguisugae
928 1244 1107 1300 intra
1161 1245 1593 1300 stomachum
1641 1244 2047 1315 inrepserint
2090 1257 2246 1301 nec-

216 1347 354 1389 non
402 1336 473 1389 et
517 1333 606 1389 ad
651 1332 986 1389 stomachi
1030 1333 1395 1389 stridorem
1449 1336 1520 1388 et
1563 1347 1651 1389 ne
1696 1334 1921 1389 media
1966 1333 2247 1389 doleant

477 1422 780 1477 remedia
822 1422 1104 1492 physica
1150 1425 1219 1477 et
1262 1422 1688 1478 rationabilia
1732 1423 2000 1478 diversa

914 1511 1000 1566 de
1050 1510 1550 1581 experimentis.

392 1645 671 1708 Pastillus
718 1646 787 1706 ad
837 1654 1064 1709 tussem
1112 1654 1174 1708 et
1219 1646 1677 1707 destillationem
1713 1648 1977 1724 pectoris
2019 1653 2080 1707 et
2115 1645 2244 1726 pul·

130 1751 159 1793 5
218 1736 411 1796 monis
466 1742 528 1796 et
582 1736 654 1796 ad
713 1734 1029 1815 epiphoras
1084 1734 1395 1796 oculorum
1451 1743 1513 1795 et
1571 1737 1801 1795 vesicae
1857 1734 2124 1795 dolorem
2185 1744 2245 1796 et

216 1823 436 1904 quibus
491 1823 673 1885 tubus
735 1825 1141 1904 strangulatur
1197 1825 1436 1903 saepius
1493 1833 1553 1884 et
1610 1840 1729 1882 non
1789 1824 1917 1884 sine
1974 1825 2241 1885 cruciatu

214 1915 448 1973 urinam
507 1912 759 1993 faciunt,
815 1915 959 1974 item
1005 1913 1077 1973 ad
1134 1930 1266 1993 eos,
1322 1914 1426 1991 qui
1473 1913 1821 1991 sanguinem
1869 1930 1973 1972 ore
2019 1914 2244 1973 eiciunt

213 2010 317 2062 aut
370 2019 480 2080 per
534 2003 767 2062 urinam
814 2002 1102 2081 reddunt,
1156 2002 1226 2062 ad
1285 2001 1680 2062 deiectionem
1729 2018 1966 2080 quoque
2025 1999 2139 2061 alvi
2184 2010 2244 2061 et

212 2090 287 2150 ad
332 2091 589 2150 tormina
636 2098 697 2150 et
743 2090 1108 2168 gravidiuem
1155 2092 1380 2151 ventris
1424 2097 1484 2151 et
1519 2088 1819 2150 choleram
1857 2097 1918 2151 et
1955 2089 2244 2151 stomachi

125 2196 182 2235 10
213 2176 487 2239 crebram
537 2197 845 2257 nauseam,
902 2197 1053 2257 quae
1100 2197 1237 2239 cum
1286 2180 1513 2240 vomitu
1559 2180 1687 2239 siue
1735 2177 1888 2239 febri
1933 2180 2243 2261 excitatur,

211 2266 377 2328 utilis
433 2273 526 2327 est
581 2275 643 2328 et
697 2267 986 2347 quidquid
1044 2269 1291 2346 reprimi
1337 2275 1398 2327 et
1445 2268 1657 2328 siccari
1702 2275 1969 2348 oportet,
2021 2269 2241 2347 optime

211 2357 548 2436 conpescit3
601 2363 911 2435 praeterea
962 2357 1102 2417 facit
1148 2363 1209 2417 et
1254 2355 1326 2415 ad
1373 2357 1638 2417 omnium
1677 2357 1936 2434 partium
1973 2357 2244 2435 corporis

210 2442 479 2505 dolorem
525 2451 765 2523 praeter
811 2446 1047 2533 capitis3
1097 2446 1241 2523 quin
1280 2445 1458 2505 etiam
1503 2446 1555 2505 si
1591 2444 1828 2523 quando
1864 2443 2116 2505 alicuius
2153 2446 2243 2504 rei

211 2550 391 2593 causa
439 2532 642 2593 datum
690 2533 903 2614 fuerit,
963 2534 1109 2594 aliae
1165 2535 1254 2593 rei
1313 2535 1454 2593 vitio
1503 2550 1619 2593 non
1670 2534 1785 2593 erit
1829 2532 1944 2594 hoc
1991 2532 2243 2593 medica-

123 2635 183 2677 15
208 2630 498 2682 mentum.
583 2621 731 2682 Cum
788 2629 985 2683 autem
1034 2621 1104 2682 ad
1152 2624 1377 2702 omnia,
1426 2626 1574 2701 quae
1623 2639 1805 2699 supra
1851 2621 2000 2701 dixi,
2055 2623 2242 2682 mani-

210 2709 364 2770 feste
409 2712 625 2791 prosit,
680 2718 811 2771 tum
856 2712 1175 2790 praecipue
1222 2711 1294 2770 ad
1350 2711 1516 2771 initia
1563 2709 1831 2789 pthiseos
1875 2708 2029 2770 bene
2076 2710 2243 2790 facit3

209 2797 434 2859 multos
482 2800 639 2859 enim
677 2801 901 2878 eripuit
936 2818 1009 2860 ex
1048 2817 1259 2878 magno
1296 2799 1565 2877 periculo
1607 2798 1910 2859 interdum
1945 2797 2041 2858 bis
2080 2808 2243 2859 terve

208 2887 388 2948 datus
431 2887 533 2948 hic
579 2887 876 2968 pastilluS‚
923 2889 1140 2966 recipit
1186 2895 1384 2948 autem
1430 2887 1605 2948 haecz
1668 2885 1900 2966 Myrrae
1948 2885 2243 2965 troglody-

207 2975 369 3036 tidos
418 2974 471 3035 X
505 2974 599 3057 vl,
646 2978 811 3038 croci
854 2975 907 3036 X
943 2976 1009 3057 V,
1055 2978 1213 3038 turis
1250 2974 1304 3035 X
1340 2974 1406 3056 V,
1453 2978 1574 3054 opii
1609 2974 1662 3035 X
1699 2974 1826 3055 1111,
1873 2975 2081 3036 alterci
2126 2973 2243 3036 albi

121 3078 181 3118 20
208 3065 459 3125 seminis
505 3063 557 3123 X
594 3063 729 3145 1111,
787 3064 1143 3144 Apollinaris
1203 3063 1425 3125 herbae
1473 3064 1691 3125 radicis
1738 3065 1981 3125 corticis
2028 3062 2080 3124 X
2116 3062 2242 3125 1111.

205 3152 617 3214 contunditur
664 3154 809 3214 haec
857 3161 1062 3214 cortex
1107 3172 1215 3232 per
1262 3171 1326 3213 se
1375 3162 1436 3214 et
1476 3151 1775 3213 cribratur
1820 3154 1985 3214 tenui
2026 3152 2243 3232 cribr0‚

354 3330 387 3378 2
425 3339 721 3378 mensurae
756 3323 996 3379 ratione

353 3396 468 3450 tit..·
505 3393 809 3449 melestias.
956 3393 1368 3465 sanguisugiae.

355 3471 389 3521 9
419 3466 666 3520 cholera.
779 3471 846 3520 10
871 3464 1159 3520 vomitum.
1277 3471 1339 3518 11
1374 3464 1601 3534 oportit.
1703 3469 1769 3519 13
1805 3464 1971 3519 verba
2005 3461 2243 3517 alicuius

197 3535 288 3592 rei
326 3553 503 3592 causa
539 3536 592 3590 d.
626 3536 666 3592 f.
705 3534 852 3590 aliae
889 3537 973 3591 rei
1009 3541 1272 3605 corrupta
1303 3551 1412 3590 esse
1437 3535 1709 3589 videntur.
1858 3539 1924 3587 16
1962 3530 2243 3604 pthiseos]

193 3607 498 3679 pthisicos.
657 3611 722 3662 18
759 3606 1183 3676 trocloditydos.
1329 3610 1399 3659 20
1439 3605 1722 3660 corticem.
1867 3609 1933 3662 21
1974 3602 2170 3659 cortix.
