2575 4092
986 228 1474 293 —189—

209 391 430 471 inludi,
484 392 588 470 qui
634 408 825 470 usque
872 409 944 451 co
990 391 1101 453 hac
1148 390 1417 453 molestia
1465 400 1779 473 vexantur,
1826 402 1893 454 ut
1938 392 2242 456 interdum

212 491 274 542 et
312 483 465 542 vitae
502 479 839 558 periculum
876 479 1114 562 adeant3
1153 489 1245 542 est
1283 482 1442 542 enim
1471 483 1681 542 vitium
1709 499 1830 543 non
1857 490 2240 545 contemnen-

210 569 385 651 dum,
441 571 695 630 maxime
751 570 814 629 in
867 586 1156 648 processu
1211 571 1441 631 aetatis.
1533 569 1764 642 Quibus
1819 570 2079 633 dandum
2126 573 2243 634 erit

210 658 716 720 medicamentum
770 660 1039 737 proximo
1095 658 1191 719 die
1246 660 1377 720 eius
1433 661 1651 740 noctis,
1708 677 1824 738 qua
1881 659 2242 722 incubonem

154 773 184 816 5
212 747 593 828 pertulerint,
631 765 768 808 cum
803 746 1178 809 intervallum
1215 766 1249 808 a
1286 765 1495 809 somno
1532 749 1785 809 fecerint
1812 758 1874 810 et
1901 749 2059 828 quod
2098 751 2242 812 satis

211 839 293 898 sit
340 835 865 898 deambulaverint.
943 835 1083 896 Dari
1120 835 1300 898 debet
1334 855 1407 898 ex
1444 855 1652 920 aquae,
1695 838 1759 898 in
1798 855 1915 918 qua
1949 837 2243 918 hysopum

213 935 318 987 aut
353 924 726 987 marrubium
764 925 947 986 fuerit
980 926 1301 1001 incoctum,
1348 924 1575 1006 cyathis
1624 934 1905 1007 quattuor
1944 925 2037 988 vel
2074 930 2242 1008 quin·

215 1033 335 1095 que
382 1015 454 1076 ad
502 1013 736 1094 pondus
783 1015 1014 1075 denarii
1058 1016 1238 1077 unius
1284 1013 1378 1075 vel
1415 1016 1727 1095 victoriati,
1779 1023 1958 1095 prout
2004 1034 2104 1077 res
2139 1025 2243 1079 aut

213 1113 379 1166 aetas
416 1102 831 1184 postulaverit3
868 1103 1081 1163 deinde
1118 1111 1253 1182 post
1287 1103 1466 1165 horas
1505 1112 1630 1165 tres
1666 1104 1759 1166 vel
1796 1113 2078 1186 quattuor
2115 1124 2243 1167 cre·

128 1220 182 1259 10
216 1211 349 1255 mor
394 1194 660 1274 ptisanae
707 1200 811 1254 aut
855 1190 1038 1253 altera
1085 1191 1334 1253 sorbitio
1379 1192 1525 1254 levis
1572 1193 1763 1256 detur.

397 1281 564 1342 Facit
621 1281 736 1342 hoc
790 1281 1288 1343 medicamentum
1346 1282 1417 1343 ad
1473 1300 1604 1365 eos,
1669 1302 1925 1364 quorum
1987 1283 2244 1346 musculi

217 1371 554 1433 maxillares
601 1387 740 1431 cum
784 1372 1040 1433 maximo
1079 1370 1284 1431 dolore
1321 1373 1479 1432 tensi
1516 1379 1657 1433 sunt
1702 1373 1868 1454 adeo,
1903 1380 1973 1435 ut
2010 1376 2242 1454 aperire

218 1480 287 1522 os
333 1459 497 1521 nullo
542 1458 718 1520 modo
762 1460 1021 1540 possint3
1067 1466 1309 1521 tetanon
1355 1458 1469 1521 hoc
1515 1461 1725 1521 vitium
1765 1460 1976 1523 Graeci
2021 1460 2243 1524 dicunt.

220 1550 367 1611 Item
424 1550 564 1610 facit
619 1547 693 1608 ad
750 1548 1126 1628 depravatam
1190 1548 1399 1608 faciem
1463 1550 1525 1608 in
1592 1548 1935 1611 utramlibet
1997 1557 2245 1632 partem,

130 1662 187 1703 15
220 1640 471 1718 cynicon
518 1654 795 1717 spasmon
839 1636 954 1698 hoc
998 1636 1180 1697 iidem
1227 1635 1524 1717 appellant
1569 1654 1759 1716 genus
1807 1636 2022 1718 morbi3
2078 1656 2243 1717 prae-

195 1730 396 1807 'cipue
444 1745 583 1788 vero
630 1725 703 1788 ad
749 1727 1011 1806 pectoris
1058 1725 1382 1804 laterisque
1428 1725 1663 1786 dolores
1710 1726 1954 1806 prodest
1990 1738 2063 1787 ex
2102 1745 2244 1807 qua-

220 1816 368 1878 libet
421 1834 599 1878 causa
656 1815 841 1876 factos
888 1817 1011 1876 sive
1059 1814 1267 1875 latenti
1314 1816 1437 1875 sive
1484 1813 1818 1893 manifesta,
1874 1824 1941 1875 ut
1985 1833 2058 1876 ex
2106 1834 2246 1877 casu

219 1904 418 1985 aliquo
456 1913 558 1966 aut
596 1922 778 1984 supra
812 1905 971 1965 vires
1008 1911 1070 1965 et
1107 1921 1287 1983 supra
1326 1903 1566 1964 modum
1605 1902 1885 1982 ponderis
1914 1906 2245 1982 portatione

220 1993 316 2054 vel
360 2013 434 2055 ex
479 1995 858 2074 contusione,
914 2010 1064 2073 quae
1116 1992 1462 2071 frequenter
1508 1990 1933 2071 gladiatoribus
1979 1992 2247 2054 accidere

130 2105 191 2146 20
220 2085 284 2145 in
331 2082 810 2163 praelusionibus
856 2081 1024 2143 solet.
1106 2081 1228 2142 Nec
1284 2082 1484 2144 minus
1539 2099 1749 2143 eorum
1795 2082 2046 2142 maxime
2095 2083 2247 2142 sani·

218 2174 332 2234 tati
377 2174 678 2253 convenit,
738 2173 839 2251 qui
893 2170 1105 2231 arbore
1160 2169 1274 2231 alta
1331 2171 1557 2251 delapsi
1603 2178 1744 2231 sunt
1791 2168 1881 2231 vel
1928 2169 2103 2232 scalis
2150 2171 2247 2232 de·

218 2260 409 2323 voluti
455 2270 557 2322 aut
603 2262 842 2322 excussi
887 2259 1027 2321 reda
1073 2257 1166 2319 vel
1212 2259 1513 2321 curriculo
1560 2261 1753 2321 tracti.
1847 2257 1964 2320 Sed
2009 2259 2131 2340 bis,
2186 2260 2247 2321 id

221 2358 317 2412 est
353 2369 425 2411 ex
463 2349 773 2411 manifesta
813 2367 988 2410 causa
1026 2351 1267 2430 vexam,
1309 2366 1447 2410 cum
1480 2350 1634 2410 aceti
1662 2345 1888 2428 cyathis
1924 2348 2120 2409 tribus
2158 2347 2248 2409 vel

221 2446 506 2520 quattuor
561 2438 753 2499 danda
807 2439 922 2498 erit
976 2437 1305 2518 antidotus;
1358 2436 1455 2498 his
1509 2455 1677 2516 vero,
1735 2438 1840 2515 qui
1890 2455 1961 2497 ex
2016 2435 2248 2498 occulta

132 2548 191 2590 25
221 2546 402 2591 causa
447 2526 737 2609 laborant,
783 2545 853 2588 ex
901 2544 1053 2607 aqua
1099 2526 1290 2587 mulsa
1338 2524 1603 2603 proderit
1649 2526 1799 2586 data.

402 2616 716 2677 Praeterea
753 2633 1072 2677 nervorum
1110 2613 1485 2676 tensionibus
1522 2621 1583 2676 et
1616 2612 2123 2675 contractionibus
2166 2621 2247 2675 at-

223 2725 342 2787 que
380 2705 686 2767 doloribus
724 2703 1001 2764 omnibus
1037 2704 1285 2764 mirifice
1324 2704 1615 2764 convenit.
1683 2701 2080 2774 Quamobrem
2110 2703 2250 2765 facit

222 2803 283 2856 et
332 2794 407 2855 ad
451 2794 741 2855 tremulos
787 2801 847 2854 et
893 2791 965 2853 ad
1013 2792 1371 2853 sideratione
1418 2791 1735 2871 temptatos
1777 2790 2085 2872 utralibet3
2133 2809 2248 2852 una

223 2886 386 2945 enim
432 2901 570 2944 cum
617 2883 1050 2963 contractione,
1106 2881 1290 2942 altera
1347 2898 1482 2941 cum
1534 2881 1886 2941 remissione
1932 2897 2251 2940 nervorum

137 2993 195 3034 so
225 2974 622 3054 conspicitur3
669 2970 985 3051 paralysim
1028 2968 1144 3031 hoc
1191 2978 1513 3049 utrumque
1561 2971 1769 3030 vitium
1807 2968 2020 3030 Graeci
2056 2968 2251 3049 appel·

222 3063 364 3123 lant.
435 3060 525 3121 Ad
572 3060 730 3140 quod
778 3061 955 3120 etiam
1001 3077 1138 3121 cum
1185 3059 1450 3138 correpti
1494 3065 1633 3119 sunt
1674 3058 1918 3138 prodest
1956 3076 2027 3118 ex
2065 3077 2251 3138 aquae

223 3149 452 3212 mulsae
490 3148 717 3230 cyathis
753 3148 949 3211 tribus
987 3155 1342 3227 quattuorve
1379 3147 1582 3208 datum
1623 3147 1696 3208 ad
1744 3147 1977 3227 pondus
2023 3149 2253 3209 denarii

224 3241 406 3301 unius
445 3247 547 3300 aut
573 3239 869 3299 victoriati
905 3237 1165 3298 admixto
1195 3238 1454 3298 castorei
1480 3235 1708 3297 denarii
1746 3238 2012 3298 semisse.
2071 3235 2252 3296 Prod-

226 3337 320 3390 est
367 3336 427 3389 et
473 3327 547 3387 ad
593 3326 968 3389 articularem
1015 3326 1308 3406 morbum,
1356 3344 1533 3406 quem
1572 3324 1869 3387 arthritim
1906 3324 2118 3385 Graeci
2155 3341 2252 3402 ap-

412 3541 479 3591 17
507 3537 573 3589 ut
600 3552 626 3588 e
653 3534 930 3591 Scribon.:
959 3536 1057 3589 aut
1078 3534 1399 3589 Corneto-ius.
1496 3536 1559 3585 18
1588 3529 1905 3601 portatione
1927 3545 1955 3585 e
1975 3527 2254 3585 Serimon..-

227 3604 448 3677 portati
486 3604 805 3662 Gornarius.
950 3610 1019 3660 20
1057 3604 1298 3659 maxime
1336 3602 1621 3659 delendam
1654 3600 1886 3657 videtur.
