2575 4092
1093 270 1165 278 -—
1269 232 1575 298 166-

309 397 572 458 eduntur
616 396 796 476 idque
844 398 1046 457 vinum
1093 397 1272 457 etiam
1310 413 1541 457 merum
1581 402 1848 473 potatum
1887 395 2346 473 sanguinulenta

203 499 269 548 81
311 483 728 547 excreantibus
774 485 1036 563 prodest.
1113 484 1441 563 Coagulum
1489 485 1797 544 cervinum
1842 485 1967 544 sive
2004 482 2347 562 leporinum

309 577 433 636 sive
481 573 800 637 haedinum
846 575 910 635 in
954 576 1199 653 potione
1247 573 1508 635 solutum
1556 571 1784 633 bibitur
1830 572 2060 633 utiliter
2106 572 2179 633 ab
2220 592 2344 634 em-

308 665 499 744 pyicis
547 662 638 724 vel
685 664 1084 743 aemoptyici3‚
1132 663 1360 723 cervini
1406 679 1644 740 quoque
1696 679 1916 723 cornus
1954 664 2151 722 exusti
2184 664 2345 723 cinis

201 765 270 814 82
307 754 371 813 in
425 754 667 831 potione
724 752 899 813 datus
947 750 1222 812 similiter
1267 751 1561 812 medetur.
1641 749 1912 811 Bubulus
1959 753 2201 829 sanguis
2249 751 2346 812 vel
2376 770 2403 811 5

306 840 597 902 haedinus
643 843 885 919 sanguis
935 858 1147 901 recens
1186 857 1325 901 cum
1362 841 1491 919 pari
1528 857 1807 900 mensura
1845 841 1998 899 aceti
2036 840 2346 902 discoctus

308 932 656 1009 sanguinem
711 928 1128 991 excreantibus
1183 928 1458 1008 prodest,
1514 931 1564 989 si
1620 945 1730 1006 per
1775 926 2043 989 cocleare
2091 929 2346 991 adsidue

200 1031 269 1080 83
307 1019 674 1099 degustetur.
769 1018 1102 1099 Glutinum,
1150 1035 1269 1097 quo
1318 1018 1523 1078 charta
1568 1017 1925 1096 glutinatur,
1972 1016 2229 1078 calidum
2278 1021 2345 1079 in

307 1108 548 1169 modum
596 1106 942 1168 sorbitionis
989 1106 1265 1167 hauritur
1316 1106 1405 1167 vel
1451 1125 1521 1167 ex
1571 1124 1724 1185 aqua
1761 1104 1948 1166 calida
1988 1109 2345 1186 sanguinem

202 1209 271 1258 84
309 1194 727 1257 excreantibus
774 1195 965 1256 datur.
1044 1194 1255 1256 Nuclei
1303 1194 1742 1275 amygdalarum
1789 1197 1918 1255 triti
1965 1214 2103 1256 cum
2141 1196 2343 1256 amulo
2375 1215 2432 1256 10

307 1292 370 1345 et
413 1293 613 1345 menta
659 1287 799 1344 trita
845 1286 907 1344 in
956 1282 1222 1362 qualibet
1266 1286 1508 1362 potione
1557 1283 1786 1345 utiliter
1833 1282 1906 1344 ab
1955 1287 2347 1365 aemoptyicis

199 1385 268 1435 85
307 1372 398 1433 vel
445 1374 728 1452 empyicis
773 1373 1155 1434 hauriuntur.
1226 1372 1445 1435 Semen
1490 1371 1689 1433 salicis
1736 1374 1947 1434 tritum
1994 1381 2055 1433 et
2092 1392 2163 1434 ex
2204 1376 2344 1434 vino

306 1469 543 1523 austere
591 1470 895 1541 sumptum
942 1464 1293 1540 sanguinem
1329 1463 1654 1523 tussientes
1693 1464 1849 1523 sistit
1887 1470 1948 1523 et
1982 1464 2194 1523 vitium
2236 1481 2344 1542 po-

199 1561 268 1611 86
307 1559 503 1612 tenter
550 1551 840 1612 emendat.
923 1550 1193 1612 Hederae
1238 1550 1449 1635 bacae,
1496 1568 1646 1630 quae
1696 1558 1837 1612 sunt
1882 1550 2096 1631 luteae,
2141 1553 2345 1630 inpari

305 1658 555 1701 numero
612 1641 787 1701 tritae
836 1648 897 1701 et
942 1658 1015 1703 ex
1073 1659 1224 1719 aqua
1280 1640 1481 1718 tepida
1533 1646 1707 1718 potae
1764 1639 2054 1719 pthisicos
2111 1649 2344 1702 sanant.
2375 1660 2427 1701 ιε

194 1739 266 1788 87
304 1727 537 1789 Herbae
594 1731 924 1790 vettonicae
980 1727 1119 1789 folia
1175 1730 1239 1789 in
1295 1727 1506 1789 umbra
1562 1728 1821 1789 arefacta
1876 1737 1936 1790 et
1990 1737 2166 1789 tunsa
2226 1721 2344 1791 cri·

304 1817 590 1897 hrataque
638 1821 912 1898 reponito
959 1826 1138 1897 atque
1185 1817 1324 1878 inde
1366 1815 1661 1878 laboranti
1698 1817 1866 1878 vulso
1904 1818 2200 1878 victoriati
2247 1837 2343 1879 ar-

303 1908 500 1986 gentei
546 1907 781 1984 pondus
828 1926 902 1967 ex
938 1925 1115 1985 passo
1152 1906 1480 1967 hibendum
1518 1923 1694 1985 saepe
1732 1904 2031 1986 praebeto.
2059 1906 2344 1977 ¹Quidam

305 2014 422 2075 quo
487 1997 791 2075 potentius
856 1994 1077 2056 herbae
1142 1994 1323 2056 huius
1387 1994 1673 2056 auxilium
1741 1995 2037 2075 facerent,
2103 1996 2340 2058 adiecto

300 2083 476 2144 melle
505 2080 834 2145 cribratum
863 2084 1169 2163 pulverem
1198 2084 1763 2163 conprehenderunt
1790 2093 1970 2164 atque
1997 2085 2138 2145 inde
2167 2084 2342 2146 fabae
2371 2105 2423 2145 πο

301 2173 710 2250 magnitudine
757 2172 1052 2233 dederunt
1096 2170 1503 2234 laborantibus
1549 2173 1841 2252 pthisicis‚
1878 2173 2064 2234 vulsis
2102 2182 2161 2234 et
2201 2192 2342 2236 reu-

302 2262 534 2321 maticis
582 2279 822 2341 eosque,
871 2262 976 2339 qui
1022 2263 1199 2321 etiam
1245 2261 1566 2339 purulenta
1604 2262 1977 2342 excreabant‚
2024 2262 2341 2324 incolumi-

300 2351 409 2410 tati
455 2348 676 2410 solidae
722 2348 1130 2410 reddiderunt.

195 2450 262 2499 88
479 2438 566 2505 Ad
604 2438 894 2517 pthisicos
932 2438 1264 2499 remedium
1304 2448 1364 2499 et
1398 2456 1683 2518 praesens
1723 2448 1784 2500 et
1818 2442 2159 2522 maximum,
2197 2458 2337 2501 nam

303 2528 482 2588 etiam
537 2529 691 2589 vitae
747 2526 961 2588 dubios
1019 2534 1186 2587 sanat
1239 2536 1302 2588 et
1356 2526 1575 2607 quibus
1623 2546 1760 2607 spes
1807 2546 2124 2607 superesse
2172 2528 2334 2591 nulla
2366 2548 2420 2590 85

302 2616 597 2677 videatur:
653 2615 811 2695 Equi
868 2614 1108 2676 salivam
1163 2615 1256 2676 vel
1313 2634 1580 2695 spumam
1630 2635 1765 2678 cum
1814 2635 1964 2696 aqua
2013 2617 2200 2678 calida
2248 2617 2336 2679 hi-

300 2703 554 2764 bendam
601 2722 709 2783 per
754 2704 1021 2766 triduum
1068 2703 1263 2785 dabis,
1312 2707 1491 2766 etiam
1537 2724 1716 2785 quem
1763 2708 1918 2767 tussi
1962 2706 2336 2768 intoleranda

303 2799 363 2854 et
409 2794 638 2855 diutina
683 2792 954 2854 laborare
992 2793 1228 2874 videris,
1275 2794 1390 2854 hoc
1428 2794 1690 2855 remedio
1732 2794 2040 2877 liberabis3
2088 2814 2335 2875 aegrum

301 2882 540 2961 quidem
589 2884 718 2942 sine
765 2884 1145 2944 cunctatione
1193 2883 1460 2965 sanabis,
1507 2884 1611 2944 sed
1657 2902 1879 2963 equum
1926 2903 2089 2946 mors
2137 2884 2335 2947 subita

195 2983 261 3032 89
301 2973 705 3050 consequitur.
767 2969 889 3032 Ova
937 2971 1121 3032 cruda
1168 2972 1285 3032 duo
1324 2974 1387 3032 in
1426 2971 1670 3033 calicem
1708 2981 2053 3054 verguntur,
2101 2992 2173 3034 eo
2211 2975 2335 3035 adi·
2362 2993 2417 3034 so

302 3059 544 3120 ciuntur
600 3059 718 3120 olei
768 3061 978 3139 optimi
1028 3092 1105 3104 —
1194 3109 1211 3142 ‚
1269 3062 1397 3139 gari
1452 3060 1617 3121 floris
1669 3094 1744 3106 -—-
1787 3062 1851 3143 V,
1904 3064 2065 3142 passi
2111 3062 2338 3125 Cretici

305 3180 380 3190 -—
425 3146 473 3205 V
518 3166 773 3228 cumque
819 3148 966 3210 haec
1013 3152 1076 3210 in
1123 3149 1368 3210 calicem
1415 3153 1770 3231 conieceriS,
1821 3154 2109 3231 axungiae
2167 3161 2332 3215 vetu-

442 3325 475 3373 2
513 3319 836 3388 quagulum.
982 3325 1017 3372 4
1055 3319 1405 3389 emoptoicis.
1553 3325 1586 3375 8
1623 3321 1980 3390 gluttinatur.
2105 3329 2170 3378 10
2207 3324 2333 3379 triti

298 3407 428 3445 cum
464 3392 691 3459 scripsi.-
747 3391 1013 3445 triticum.
1197 3393 1387 3447 amulo
1425 3393 1637 3448 exhibet
1671 3395 1807 3459 cod„
1848 3410 1962 3448 non
1998 3393 2230 3464 amylon
2268 3402 2333 3451 ut

277 3460 608 3535 „Carnarius
644 3463 834 3517 edidit.
997 3468 1061 3516 11
1101 3463 1452 3533 emoptoicis.
1639 3469 1703 3518 13
1741 3468 1964 3519 austero
2004 3466 2329 3522 Cornarius.

297 3533 606 3589 tussientiS.
756 3539 822 3588 15
861 3532 1152 3602 tphisicos.
1302 3540 1369 3590 16
1406 3533 1717 3590 vetonicae.
1841 3542 1910 3590 21
1948 3538 2330 3592 reumauticis.

297 3607 367 3656 22
406 3602 832 3660 incolomitatis.
924 3610 993 3659 26
1033 3603 1288 3662 salibam.
1386 3610 1454 3662 28
1491 3606 1760 3663 labet-are.
1862 3612 1930 3661 32
1968 3607 2329 3665 vetussimae.
