2575 4092
994 247 1431 313 „59-

220 425 381 468 neum
423 410 502 470 ita
539 417 608 471 ut
646 410 927 471 adsuetus
966 417 1058 472 est
1096 420 1305 473 sumat.
1381 410 1626 473 Postero
1670 411 1764 473 dle
1804 414 1856 473 si
1894 429 2008 492 qua
2049 415 2223 474 vesti·

166 512 172 518 ·
217 498 300 574 gia
350 498 665 577 epiphorae
718 502 1140 581 remanserint,
1194 502 1403 580 inungi
1460 499 1703 581 collyrio
1749 501 1947 581 aliquo
1992 503 2221 562 acriore

215 594 404 663 aquato
460 586 572 647 sub
630 606 874 667 vespere
930 588 1108 650 debet
1167 597 1228 650 et
1284 607 1495 650 rursus
1544 591 1606 651 in
1653 589 1929 651 balneum
1976 589 2116 651 duci
2163 600 2223 651 et

212 675 395 735 vinum
440 674 664 737 bibere.
737 675 863 738 Hoc
908 678 1081 739 modo
1120 696 1240 738 uno
1278 679 1465 738 ferme
1504 678 1600 739 die
1638 677 1882 740 tolletur
1917 678 2222 760 epiphora,

168 781 189 820 5
210 766 509 843 praecipue
563 767 858 846 incipiens
915 785 1110 846 neque
1167 766 1362 829 adbuc
1408 766 1521 827 alio
1569 767 1998 829 medicamento
2045 777 2221 829 tacta.

211 849 314 911 Sed
375 855 426 913 si
480 872 548 914 ea
605 857 694 915 vis
751 855 932 916 fuerit
987 855 1337 937 epiphorae,
1405 864 1471 917 ut
1526 875 1644 917 non
1700 856 1873 917 cedat
1929 875 2047 918 uno
2104 856 2217 937 die,

206 945 490 1019 expectari
525 942 843 1023 oportebit,
880 943 1069 1006 donec
1107 946 1349 1024 inpetus
1387 946 1518 1005 eius
1546 944 1807 1025 sedetur,
1845 955 1904 1007 et
1932 948 2015 1006 ita
2043 963 2220 1024 aeger

205 1029 259 1087 in
292 1029 561 1092 balneum
593 1032 847 1093 ducatur
883 1042 1201 1112 ceteraque
1243 1034 1406 1114 fiant,
1449 1052 1598 1113 quae
1626 1036 2042 1114 praecepimus
2071 1034 2218 1095 fieri.

205 1116 348 1179 Idem
401 1119 515 1181 hoc
570 1121 1068 1183 medicamentum
1115 1124 1294 1184 etiam
1339 1138 1520 1202 supra
1568 1122 1773 1185 oculos
1819 1122 2055 1184 inlitum
2104 1134 2219 1185 tar·

138 1225 181 1265 ιο
204 1205 324 1266 dius
380 1210 655 1290 quidem,
721 1209 824 1270 sed
890 1210 1131 1272 eosdem
1198 1213 1446 1273 effectus
1504 1221 1788 1293 praestat,
1853 1214 2104 1274 maxime
2156 1215 2218 1274 in

202 1299 406 1357 teneris
470 1298 855 1379 corporibus,
920 1307 988 1360 ut
1050 1299 1369 1362 mulierum
1425 1308 1486 1361 et
1541 1319 1896 1382 puerorum,
1961 1319 2218 1382 quorum

200 1385 341 1445 oculi
393 1387 619 1449 nullius
676 1388 1092 1449 medicamenti
1140 1391 1256 1449 vim
1304 1392 1601 1451 sustinere
1650 1397 1917 1469 possunt.
1992 1389 2218 1452 Triduo

198 1483 376 1535 autem
431 1484 535 1538 aut
592 1476 926 1556 quadriduo
981 1477 1333 1557 plerumque
1398 1478 1552 1539 tollit
1615 1476 1881 1539 dolorem
1946 1478 2216 1540 adiutum

196 1565 282 1622 ovi
322 1565 621 1626 infusione
661 1573 722 1625 et
759 1584 944 1645 aquae
982 1565 1202 1627 calidae
1243 1585 1475 1645 vapore.
1554 1565 1896 1644 Conpositio
1946 1565 2214 1646 collyrio·
2252 1576 2285 1625 2

133 1669 175 1710 15
197 1667 334 1734 rum,
379 1673 559 1733 quam
606 1656 859 1715 maxime
905 1654 1112 1736 probo,
1158 1655 1231 1715 ad
1279 1663 1554 1716 recentes
1596 1653 1912 1733 epiphoras
1951 1654 2042 1713 vel
2079 1673 2216 1715 con-

196 1741 552 1804 turbationes
611 1741 919 1804 oculorum
975 1751 1360 1822 tumoresque
1416 1754 1480 1804 et
1523 1742 1785 1804 dolores:
1850 1741 2211 1821 Plantaginis

194 1831 352 1890 tritae
400 1835 535 1893 suci
583 1832 825 1912 cyathos
871 1831 925 1891 Π
971 1834 1087 1893 teri
1133 1831 1435 1912 oportebit
1480 1849 1619 1892 cum
1661 1849 1837 1892 croco
1887 1831 2044 1911 quod
2093 1833 2213 1892 sut*-

196 1917 364 2000 ficiat,
422 1921 482 1981 id
548 1931 640 1981 est
694 1921 952 1981 denariis
1000 1920 1259 2002 duobus,
1317 1920 1531 1982 deinde
1579 1930 1806 2001 cetera,
1863 1937 2014 2001 quae
2060 1920 2215 1982 inira

195 2010 400 2087 scripta
445 2017 618 2090 sunt,
676 2009 990 2070 admisceri
1035 2009 1227 2089 pridie
1274 2017 1566 2071 macerata
1616 2028 1753 2071 cum
1801 2027 1945 2070 suco
1993 2008 2213 2071 herbae

127 2112 171 2153 20
195 2112 358 2174 supra
404 2101 685 2180 scriptae,
730 2098 789 2158 id
839 2106 930 2158 est
977 2097 1136 2159 aloes
1179 2097 1414 2160 Indicae
1453 2097 1505 2158 Χ
1542 2097 1667 2180 1111,
1713 2100 1969 2177 gummis
1999 2098 2215 2181 311113

192 2194 381 2260 postea
424 2187 697 2248 eiusdem
738 2185 1092 2265 plantaginis
1129 2190 1260 2249 suci
1297 2187 1542 2268 cyathos
1580 2188 1731 2249 duos
1768 2186 1923 2268 addi,
1969 2196 2039 2250 ut
2075 2206 2214 2249 cum

193 2275 427 2351 spissata
480 2277 672 2337 fuerit
727 2277 1095 2356 commixtio,
1161 2276 1399 2357 collyria
1464 2278 1781 2355 fingantur.
1882 2276 2215 2358 Utrumque

191 2371 374 2424 autem
446 2383 643 2445 genus
707 2364 1125 2425 medicamenti
1179 2367 1393 2426 eximie
1458 2365 1744 2445 prodesse
1813 2365 2012 2427 iudico
2078 2383 2213 2444 pro-

190 2453 426 2527 prietate
478 2453 761 2535 quadam,
813 2453 917 2514 sed
963 2455 1283 2532 praecipue
1332 2453 1490 2533 quod
1537 2453 1758 2514 nullam
1804 2455 1866 2514 in
1914 2472 1978 2514 se
2027 2455 2211 2532 aspri·

122 2554 168 2596 25
191 2540 443 2604 tudinem
492 2541 693 2624 habet,
740 2549 808 2602 ut
842 2541 1143 2621 pleraque,
1191 2541 1411 2622 quibus
1448 2542 1573 2603 fere
1616 2545 1989 2621 inunguntur
2026 2542 2214 2602 homi-

193 2645 303 2690 nes.
409 2633 560 2693 Nam
628 2649 778 2710 quae
834 2649 906 2690 ex
973 2631 1199 2691 cadmia
1264 2638 1367 2692 aut
1429 2649 1567 2692 aere
1627 2639 1761 2691 usto
1826 2631 2213 2710 eiusdemque

191 2723 412 2793 generis
459 2721 780 2800 pigmentis
827 2728 1275 2801 conponuntur,
1323 2721 1590 2799 quamvis
1638 2721 1874 2781 curiose
1922 2727 2215 2802 terantur,

192 2814 448 2869 naturam
517 2816 715 2869 tamen
785 2826 950 2868 suam
1017 2811 1287 2870 amittere
1353 2827 1475 2870 non
1539 2816 1820 2889 possunt3
1890 2826 2214 2887 numquam

192 2897 340 2956 enim
392 2909 462 2959 ut
518 2914 700 2958 sucus
757 2896 1094 2977 diluuntur,
1151 2897 1255 2958 sed
1313 2916 1451 2959 cum
1508 2897 1582 2957 ad
1639 2915 1929 2958 summam
1977 2896 2206 2975 suptili-

122 2997 168 3038 ao
191 2989 361 3046 tatem
406 2987 697 3066 perducta
740 2993 897 3067 sunt,
946 2993 1141 3046 tamen
1181 2988 1352 3065 quasi
1388 2985 1799 3065 pulverulenta
1836 3004 2083 3047 necesse
2122 2995 2214 3047 est

194 3084 481 3157 maneant,
529 3092 679 3154 quae
727 3074 1038 3135 oculorum
1085 3083 1285 3154 partes
1333 3075 1494 3136 velut
1536 3075 1866 3158 configunt,
1913 3083 2076 3137 certe
2116 3095 2213 3136 ex-

191 3164 368 3224 terius
414 3170 692 3244 pungunt
736 3163 1022 3223 foramina
1067 3166 1296 3242 primae
1342 3163 1644 3225 tuniculas
1682 3163 1860 3246 oculi,
1905 3163 1978 3224 ab
2025 3166 2214 3225 initiis

193 3249 438 3314 adhibita
497 3252 799 3313 interdum
854 3252 1255 3313 molestiorem
1312 3252 1574 3313 futuram
1621 3254 1924 3314 concitant
1970 3253 2211 3333 epipho-

195 3355 325 3402 ram.
417 3341 548 3412 Quo
602 3343 840 3401 nomine
900 3343 1078 3402 etiam
1126 3342 1286 3421 quod
1334 3341 1429 3402 dia
1476 3341 1709 3420 glauciu
1759 3340 1978 3402 dicitur
2023 3340 2212 3420 probo
2251 3352 2285 3400 3

326 3484 356 3531 2
394 3474 673 3546 inungeri.
784 3481 816 3530 3
854 3476 1074 3531 balneo.
1177 3482 1208 3531 6
1247 3476 1522 3530 concedat
1559 3474 1879 3531 &ornav-ius.
1982 3481 2014 3528 8
2051 3490 2214 3556 prae-

195 3545 436 3614 cipimus.
586 3551 653 3600 16
692 3547 1065 3615 tumuresque.
1214 3554 1281 3602 27
1320 3548 1753 3616 pigmentorum.
1892 3550 1958 3597 32
1999 3545 2071 3599 ad
2107 3562 2214 3599 im-

194 3615 362 3676 niciis.
510 3624 577 3673 33
617 3618 1006 3674 concitantem.
