2575 4092
904 198 1463 293 f-157—

205 370 328 443 est,
385 362 492 423 sed
546 364 716 442 prius
762 380 1014 441 corpore
1062 363 1385 440 perfricato
1432 362 1564 424 oleo
1610 362 1829 444 calid03
1881 363 2131 442 prodest
2176 372 2237 425 et

204 453 300 513 his
312 499 333 532 ,
388 453 494 530 qui
550 453 678 514 sine
732 451 984 511 horrore
1039 453 1296 512 circuitu
1356 449 1612 512 febrium
1660 460 1974 533 vexantur,
2030 471 2238 532 quam·

206 541 420 602 obrem
465 539 826 619 lexipyretos
872 538 1018 600 haec
1064 541 1397 620 conpositio
1444 539 1684 602 dicitur.

386 628 514 689 Alia
569 629 903 706 conpositio
957 627 1033 688 ad
1092 638 1319 689 tussem
1375 628 1601 689 aridam
1655 636 1718 690 et
1769 629 2124 708 glutinosam
2175 637 2237 691 et
2277 642 2343 691 10

147 736 178 778 s
205 716 536 779 difficulter
581 716 1026 798 excreantibus,
1080 724 1299 796 purgat
1352 718 1531 778 etiam
1584 719 1922 778 interaneas
1976 721 2235 781 vomicas

204 816 268 867 et
315 807 805 885 suppurationes,
849 806 1067 884 accipit
1110 805 1284 866 haec:
1357 804 1492 866 Lini
1546 808 1817 889 seminis,
1873 808 2098 868 urticae
2146 825 2234 868 se·

204 896 388 956 minis
397 940 416 975 ‚
463 895 732 954 nasturci
777 895 1050 975 seminis,
1109 896 1218 954 iris
1263 892 1531 973 Illyricae
1572 894 1794 956 radIcis
1841 897 2047 975 aequis
2090 914 2236 975 pon·

202 983 471 1045 deribus.
539 981 700 1042 Haec
744 984 808 1042 in
852 982 1159 1061 pulverem
1204 982 1398 1062 redigi
1442 990 1504 1044 et
1547 985 1791 1045 misceri
1826 991 2062 1063 oportet
2099 1002 2236 1045 cum

203 1072 383 1133 melle
439 1079 499 1131 et
543 1073 890 1150 frequenter
941 1066 1143 1132 ieiuno
1198 1089 1309 1150 per
1354 1072 1713 1132 coclearium
1760 1072 1903 1133 dari.
1989 1072 2235 1134 Stercus
2275 1085 2342 1134 ιι

124 1181 176 1223 ιο
204 1163 525 1241 porcinum
579 1163 806 1221 siccum
851 1159 1162 1239 inligatum
1207 1159 1525 1239 phoenicio
1572 1169 1632 1221 et
1679 1161 1829 1222 collo
1877 1179 2233 1241 suspensum

204 1261 440 1312 tussem
485 1249 962 1309 molestissimam
1011 1248 1194 1309 sedat.
1277 1247 1501 1328 Hysopi
1547 1281 1634 1294 —
1672 1249 1716 1328 1,
1760 1259 1994 1312 mentae
2042 1253 2236 1312 siccae
2277 1263 2342 1312 12

213 1372 291 1381 —
360 1386 378 1419 ‚
423 1337 586 1417 pulei
633 1339 778 1397 sicci
820 1367 897 1381 —-
930 1336 974 1417 1,
1022 1335 1214 1397 mellis
1260 1337 1496 1399 decocti
1536 1370 1613 1382 —
1646 1337 1717 1418 11,
1763 1338 2032 1401 marrubi
2076 1373 2165 1383 —
2193 1336 2236 1418 1,

205 1429 521 1508 papaveris
564 1458 652 1471 -—-
690 1425 743 1506 13
801 1434 942 1486 sunt
997 1427 1101 1505 qui
1145 1425 1373 1487 addunt
1422 1433 1484 1487 et
1529 1425 1793 1505 sulpuris
1839 1429 1955 1487 vivi
2001 1445 2236 1488 semun-

208 1519 378 1579 ciam.
468 1514 629 1575 Haec
676 1516 815 1575 trita
862 1515 1328 1594 permiscentur,
1376 1524 1443 1574 ut
1487 1513 1939 1593 pseudoliquida
1984 1517 2132 1595 sint,
2179 1522 2240 1575 et

26 1600 29 1605 ’
123 1623 176 1665 15
205 1622 318 1685 per
362 1603 630 1664 cocleare
677 1603 913 1683 dantur,
959 1605 1042 1663 ita
1088 1608 1156 1662 ut
1200 1620 1312 1680 per
1356 1602 1624 1663 triduum
1671 1602 1957 1663 coclearia
2005 1602 2236 1682 singula

208 1695 314 1773 qui
357 1695 540 1753 tussit
584 1693 823 1753 ieiunus
869 1693 1140 1770 accipiat.
1212 1689 1482 1751 Hederae
1531 1690 1669 1751 folia
1714 1693 1826 1751 tria
1865 1709 2003 1751 cum
2040 1690 2236 1752 tribus
2284 1703 2342 1751 13

209 1783 411 1860 granis
465 1782 693 1860 piperis
749 1799 822 1841 ex
877 1781 1000 1840 vini
1055 1778 1264 1860 cyatho
1323 1785 1385 1839 et
1438 1797 1624 1858 aquae
1680 1778 1902 1839 calidae
1948 1788 2238 1858 quantum

212 1871 467 1932 sufficiat
512 1870 704 1948 prima
750 1869 845 1930 die
893 1868 1088 1951 dabis,
1135 1870 1411 1947 sequenti
1456 1868 1555 1928 die
1601 1866 1739 1927 folia
1786 1869 2051 1948 quinque
2100 1887 2237 1928 cum

210 1961 412 2037 granis
448 1960 714 2036 quinque
761 1957 1034 2017 similiter
1070 1964 1140 2017 ut
1176 1974 1375 2037 supra,
1426 1958 1600 2018 tertia
1648 1956 1744 2017 die
1783 1956 1920 2017 folia
1964 1955 2064 2016 vll
2100 1975 2239 2018 cum

118 2066 180 2105 so
210 2048 410 2125 granis
455 2045 554 2106 Vll
612 2045 886 2106 similiter
931 2053 999 2106 ut
1046 2063 1252 2125 supra,
1310 2045 1413 2105 sed
1468 2047 1710 2107 infirmo
1756 2064 1828 2106 ex
1874 2044 2039 2106 calda
2087 2064 2239 2125 aqua

210 2134 405 2215 dabis3
465 2133 818 2196 mirabiliter
872 2141 1098 2195 tussem
1156 2136 1426 2212 quamvis
1481 2135 1791 2196 molestam
1837 2142 1899 2195 et
1944 2142 2238 2196 vetustam

210 2222 464 2284 sedabiS.

386 2311 475 2371 Ad
522 2310 811 2372 diutinam
857 2320 1113 2392 tussem,'
1150 2329 1303 2389 quae
1350 2329 1675 2390 numquam
1721 2311 1941 2372 desinit
1986 2320 2047 2372 et
2093 2313 2238 2371 satis
2279 2323 2346 2372 14

210 2399 466 2460 molesta
515 2408 635 2480 est,
689 2400 1059 2460 medicamen
1104 2400 1285 2460 facies
1334 2403 1450 2461 sic:
1523 2399 1751 2460 Larieis
1796 2433 1886 2443 —-
1922 2400 1965 2479 Ι,
2011 2401 2239 2479 piperis

122 2506 182 2547 25
213 2521 293 2531 -
333 2489 382 2569 1,
428 2491 593 2549 croci
643 2520 719 2534 —-
761 2489 805 2565 Ι,
851 2506 1084 2568 myrrae
1131 2520 1207 2532 —-
1249 2488 1295 2568 Ι,
1342 2487 1634 2548 marrubii
1676 2491 1842 2549 tunsi
1888 2489 2018 2548 suci
2066 2505 2240 2567 quar-

209 2578 456 2658 tarium,
511 2577 662 2637 ficus
718 2579 907 2637 siccas
965 2585 1117 2657 tres,
1178 2576 1373 2637 mellis
1432 2578 1642 2656 optimi
1698 2576 1853 2655 quod
1913 2578 2058 2637 satis
2105 2594 2237 2637 esse

211 2667 616 2727 aestimaveris
660 2683 910 2744 coqueS‚
955 2665 1100 2725 haec
1146 2667 1372 2743 pariter
1418 2664 1697 2726 miscebis
1744 2674 1805 2725 et
1849 2672 2126 2726 conteres
2171 2684 2238 2726 ac

210 2756 298 2814 sic
355 2756 557 2815 ieiuno
609 2753 812 2814 triduo
867 2755 1152 2814 continuo
1209 2752 1498 2813 coclearia
1545 2752 1775 2833 singula
1821 2753 2017 2833 dabis,
2063 2756 2238 2814 mira-

209 2842 373 2903 beris
420 2842 777 2922 remedium3
823 2841 927 2902 sed
976 2844 1029 2902 si
1073 2859 1323 2902 necesse
1370 2842 1569 2922 fuerit,
1619 2844 1979 2902 intermissis
2025 2840 2240 2903 diebus

128 2950 181 2990 ao
210 2934 431 2992 iterum
477 2950 546 2991 ac
594 2932 831 3008 saepius
876 2929 1072 3010 dabis3
1119 2929 1233 2990 hoc
1280 2931 1459 2991 etiam
1505 2930 1795 3009 pthisicos
1841 2937 2028 2992 sanat.

388 3019 477 3080 Ad
525 3027 752 3080 tussem
799 3037 873 3079 ex
916 3018 1304 3098 perfrictione
1346 3018 1653 3079 collectam
1710 3019 2076 3080 medicamen
2123 3019 2252 3080 hoc·
2281 3029 2345 3080 15

209 3109 358 3171 utile
406 3117 524 3170 est:
586 3108 756 3168 Aceti
799 3110 1007 3186 optimi
1053 3106 1379 3188 heminam,
1425 3125 1610 3184 aquae
1657 3106 1983 3188 heminam,
2027 3108 2242 3188 hysopi

211 3190 295 3284 ,9³
323 3196 402 3257 vl
439 3206 560 3258 tam
598 3197 701 3257 diu
746 3215 989 3275 coqueS‚
1035 3196 1225 3257 donec
1271 3197 1342 3256 ad
1392 3196 1767 3256 medietatem
1805 3197 2240 3277 decoquantur3

208 3295 341 3348 tum
387 3287 685 3346 heminam
732 3284 923 3345 mellis
968 3284 1109 3345 boni
1158 3285 1495 3364 despumati
1540 3285 1761 3345 adicies
1804 3293 1865 3346 et
1901 3285 2063 3345 lento
2101 3287 2239 3362 igne

354 3427 389 3475 3
425 3418 755 3489 lexipyreas.
899 3425 934 3473 4
971 3419 1359 3488 gluttinosam.
1472 3425 1539 3474 10
1574 3419 1828 3476 foeniti0.
1942 3424 2006 3473 12
2045 3417 2238 3488 pullei.

210 3497 279 3547 15
319 3491 626 3563 coclearia]
665 3490 993 3547 cottidiana..
1186 3496 1254 3545 16
1292 3491 1426 3561 tria]
1466 3491 1619 3546 trita.
1811 3496 1878 3544 26
1915 3490 2053 3562 tres]
2093 3505 2239 3545 aras.

205 3570 276 3620 2⁷
317 3561 699 3618 estimaveris:
739 3561 1146 3618 existimaveris
1184 3561 1512 3631 Stephanus,
