2575 4092
1005 237 1492 302 -231—

235 398 329 460 vel
391 399 643 459 totidem
705 396 925 459 calidae
991 417 1214 479 aquae,
1285 401 1335 459 si
1401 398 1831 462 febriculentus
1897 402 2048 481 erit,
2113 401 2268 463 adsi·

235 488 352 549 due
398 487 591 548 datus,

412 576 504 636 Ad
540 577 759 638 iecoris
798 576 1059 637 dolorem
1098 578 1260 656 potio
1301 576 1558 638 salubris
1587 579 1902 639 conficitur
1931 581 2044 640 sic:
2091 578 2263 657 Pipe-
2298 593 2368 642 43

234 667 321 726 ris
371 697 450 708 —
491 664 535 745 1,
582 666 878 744 eupatorii
928 696 1004 708 —
1045 664 1090 746 1,
1136 667 1290 726 costi
1345 698 1421 711 —
1462 665 1561 746 111,
1607 664 1818 727 hacani
1863 699 1948 711 —
1986 665 2058 749 11,
2104 668 2265 728 faeni

176 772 208 813 5
236 755 437 835 graeci
479 786 554 797 -
596 752 623 812 Ι
662 752 720 813 S.
783 752 991 814 Omnia
1038 754 1185 814 haec
1230 755 1373 815 trita
1419 762 1481 815 et
1516 761 1679 815 creta
1717 754 1982 816 servabis
2027 764 2087 817 et
2124 775 2261 818 cum

233 860 383 904 usus
422 843 702 922 exegerit,
740 841 908 902 dabis
946 843 1006 903 in
1045 844 1168 903 vini
1203 844 1446 922 potione
1476 842 1743 905 cocleare
1771 843 2014 924 plenum
2041 846 2260 925 ieiuno,

233 933 321 991 ita
356 938 425 991 ut
459 933 520 991 in
559 931 769 991 dextro
806 930 991 992 latere
1030 939 1200 992 tenso
1240 930 1484 993 brachio
1521 933 1729 1012 iaceat,
1771 951 1908 994 cum
1944 935 2258 1012 acceperit.

412 1018 878 1099 Epithematium
922 1019 995 1080 ad
1043 1021 1212 1081 iecur
1258 1020 1588 1082 sanandum
1629 1022 1744 1082 sic:
1790 1020 2005 1083 Guttae
2042 1039 2260 1082 ammo·
2296 1037 2368 1086 44

232 1110 389 1169 niaci
433 1108 496 1168 P.
534 1107 613 1186 11,
660 1126 833 1170 cerae
882 1108 1254 1190 tantundem,
1307 1108 1423 1170 olei
1467 1111 1627 1170 rosei
1673 1109 2049 1192 tantundem,
2097 1113 2261 1172 croci

149 1217 205 1257 ιο
231 1229 321 1240 —-
364 1196 408 1257 Ι.
491 1196 670 1258 Gutta
724 1199 1089 1259 ammoniaca
1143 1216 1279 1260 cum
1336 1197 1492 1259 hono
1548 1206 1715 1261 aceto
1769 1201 2012 1282 teritur,
2069 1198 2259 1262 donec

230 1285 385 1347 bene
421 1288 562 1347 trita
601 1288 680 1346 sit
717 1292 779 1346 et
812 1286 1108 1365 glutinosa
1151 1288 1277 1368 fiat3
1324 1305 1585 1368 crocum,
1623 1290 1676 1348 si
1712 1290 1936 1349 siccum
1976 1296 2085 1367 est,
2123 1295 2258 1350 tun·

231 1393 368 1435 sum
427 1382 489 1436 et
544 1374 871 1436 cribratum
925 1382 1124 1454 guttae
1190 1377 1541 1438 ammoniaci
1604 1377 1965 1439 admiscetur
2030 1385 2091 1439 et
2154 1377 2258 1439 diu

231 1465 476 1544 teritur3
515 1464 569 1523 si
606 1463 875 1524 umidum
913 1473 1021 1544 est,
1058 1466 1121 1524 in
1160 1472 1328 1524 aceto
1364 1463 1756 1525 madefactum
1795 1467 2055 1544 primum
2093 1483 2258 1544 sepa·

230 1554 424 1632 ratim,
470 1553 686 1613 deinde
733 1570 869 1612 cum
917 1560 1083 1631 gutta
1134 1554 1498 1613 ammoniaca
1545 1555 1787 1634 teritur3
1835 1552 2053 1632 quibus
2098 1555 2259 1615 tritis

145 1659 200 1700 15
229 1648 501 1702 cerotum
555 1640 629 1700 de
686 1658 860 1702 roseo
916 1640 1046 1701 oleo
1103 1649 1163 1702 et
1217 1658 1357 1702 cera
1400 1640 1623 1702 Punica
1678 1641 1897 1703 factum
1944 1641 2257 1721 refrigera·

225 1737 355 1790 tum
384 1729 746 1790 admiscetur
774 1738 834 1790 et
860 1739 981 1791 tam
1007 1729 1110 1790 diu
1138 1731 1358 1791 teritur
1388 1729 1478 1790 vel
1507 1729 1822 1809 subigitur,
1852 1729 2041 1791 donec
2073 1748 2256 1792 unum

226 1836 448 1897 corpus
503 1819 630 1899 fiat,
685 1826 755 1879 ut
807 1817 1092 1897 magdalia
1136 1818 1277 1880 inde
1326 1817 1685 1898 formentur,
1743 1836 1894 1898 quae
1952 1819 2255 1880 stomacho

225 1906 541 1985 phoenicio
588 1905 828 1968 inducta
873 1909 1272 1987 imponantur.

1037 2101 1196 2164 CAP.
1243 2100 1451 2161 XXIII.

295 2213 407 2268 Ad
458 2212 654 2269 lienis
708 2212 850 2269 sive
906 2213 1162 2284 splenis
1216 2210 1383 2269 vitia
1436 2212 1661 2270 omnia
1716 2215 1787 2271 et
1840 2212 2190 2270 molestias

222 2301 577 2358 universas
621 2302 923 2358 remedia
966 2302 1395 2358 rationabilia
1411 2303 1506 2359 ‘et
1539 2302 1824 2372 physica
1860 2302 2131 2359 diversa
2167 2303 2255 2359 de

992 2390 1489 2461 experimentis.

403 2526 492 2587 Ad
537 2527 795 2589 lienosos
843 2526 996 2589 hene
1043 2524 1197 2589 facit
1229 2529 1500 2588 tamarici
1545 2526 1718 2607 longe
1761 2545 1795 2588 a
1833 2529 1982 2588 mari
2018 2526 2253 2589 collecti
2292 2540 2322 2589 1

139 2635 193 2675 20
223 2616 472 2677 arefacti
538 2624 599 2677 et
663 2618 901 2677 contusi
963 2616 1228 2695 pulveris
1287 2616 1568 2677 denarius
1632 2634 1789 2677 unus
1854 2623 1957 2678 aut
2018 2616 2252 2695 pondus

222 2706 521 2766 victoriati
576 2705 777 2766 datum
831 2723 904 2766 ex
959 2724 1111 2784 aqua
1166 2707 1385 2766 ieiunis
1439 2704 1530 2765 vel
1585 2722 1656 2765 ex
1711 2722 1909 2784 posca.
2000 2704 2251 2766 Prodest
2287 2718 2320 2766 2

219 2794 469 2855 lienosis
532 2794 695 2854 inula
759 2793 923 2855 arida
978 2793 1274 2873 Campana
1337 2800 1587 2854 contusa
1651 2801 1711 2853 et
1776 2792 2033 2854 cribrata
2089 2811 2252 2853 men·

222 2901 364 2943 sura
412 2881 641 2943 denarii
686 2885 864 2944 unius
916 2900 988 2943 ex
1034 2884 1156 2943 vini
1202 2884 1423 2943 veteris
1469 2883 1639 2943 mixti
1693 2881 1921 2962 cyathis
1968 2889 2251 2960 quattuor

220 2973 442 3032 ieiunis
488 2971 636 3032 data.
1044 2994 1051 3001 ·

139 3077 193 3119 25
402 3059 570 3120 Potio
607 3059 681 3120 ad
718 3060 978 3121 lienosos
1014 3061 1127 3120 sic:
1165 3057 1386 3138 Balani,
1425 3076 1543 3138 quo
1572 3059 1952 3138 unguentarii
1979 3067 2249 3142 utuntur,
2288 3071 2321 3122 3

221 3149 501 3210 denarios
548 3148 716 3230 duoS,
764 3150 1034 3228 capparis
1082 3147 1302 3208 radicis
1349 3146 1401 3207 X
1438 3146 1482 3227 l,
1525 3147 1781 3208 hederae
1829 3150 2034 3227 nigrae
2082 3146 2250 3209 baca·

221 3255 358 3298 rum
396 3236 675 3297 denarios
713 3237 880 3317 duoS,
917 3236 1322 3317 periclymeni,
1365 3253 1540 3316 quam
1579 3235 1758 3297 silvae
1796 3246 2047 3298 matrem
2085 3253 2252 3297 voca-

220 3344 375 3407 mus,
414 3324 466 3386 Χ
496 3325 556 3406 S,
593 3325 826 3405 galbani
863 3325 1094 3387 denarii
1123 3324 1181 3403 S,
1219 3324 1481 3386 cardami
1516 3327 1691 3406 nigri,
1727 3324 1788 3384 id
1817 3333 1912 3385 est
1947 3325 2252 3406 nasturcii,

402 3465 437 3513 4
476 3459 703 3533 bacani]
750 3461 821 3527 cf.
869 3460 1031 3516 Alex.
1074 3460 1246 3515 Trall.
1294 3461 1375 3517 ed.
1420 3460 1777 3515 Pusohmann
1820 3459 1924 3512 vol.
1954 3456 2008 3510 11
2036 3474 2098 3527 p.
2129 3464 2252 3513 394.

219 3532 494 3660 §gamela
538 3548 597 3586 re
641 3533 776 3587 med.
811 3531 889 3601 11,
931 3538 995 3587 17
1044 3533 1145 3601 (ed.
1184 3531 1316 3587 Ala.
1349 3549 1411 3600 p.
1441 3533 1618 3598 179⁸).
1836 3535 1905 3584 25
1951 3528 2089 3600 quo]
2142 3545 2254 3598 qua
