2575 4092
1023 257 1511 323 —249-

245 420 311 482 P.
342 420 384 501 1,
425 419 641 481 barbae
680 420 834 480 Iovis
872 418 932 481 Ρ.
963 419 1007 499 Ι,
1047 419 1223 480 bacae
1262 419 1413 480 lauri
1450 419 1512 480 P.
1545 419 1586 481 1.
1653 420 1772 480 Has
1810 423 2042 500 species
2071 427 2278 481 tunsas

246 527 473 588 coques
520 511 581 569 in
621 509 738 569 olei
774 509 1112 569 secundarii
1147 509 1288 568 boni
1326 508 1498 568 libris
1537 516 1834 590 quattuor,
1882 519 2085 587 postea
2123 509 2275 570 cola·

245 600 329 659 tis
385 598 662 658 omnibus
717 599 918 658 mittes
974 599 1037 659 in
1097 597 1293 657 oleum
1353 599 1549 676 ipsum
1606 607 1774 658 rutae
1821 600 2013 659 siccae
2059 632 2149 643 —
2189 598 2277 677 VI,

247 687 412 766 pulei
469 688 613 747 sicci
669 719 756 730 —-
804 684 910 765 111,
966 686 1421 766 symphoniacae
1475 704 1685 748 sucum
1736 718 1816 728 —
1858 685 1960 768 vl,
2014 687 2279 749 hastulae

191 794 220 835 5
249 777 450 854 regiae
473 794 712 837 ·sucum
755 807 831 818 ——
878 773 964 855 VI,
1012 774 1304 835 verbenae
1348 792 1557 835 sucum
1598 808 1680 817 —
1723 773 1813 854 v1,
1859 775 2031 836 ibisci
2069 794 2280 838 sucum

249 897 340 907 --
361 862 507 945 VIII,
536 865 910 942 saenograeci
938 881 1149 924 sucum
1179 896 1262 905 —-
1285 861 1433 940 VIII,
1462 863 1568 923 lini
1598 865 1844 923 seminis
1872 865 2000 924 triti
2032 896 2110 908 -
2133 863 2279 945 vm,

251 951 475 1012 malvae
513 954 802 1013 erraticae
841 970 1051 1012 sucum
1087 984 1163 994 —
1198 950 1343 1011 VIII.
1408 950 1567 1013 Haec
1597 954 1792 1012 omnia
1823 951 2103 1013 miscebis
2142 971 2279 1013 cum

253 1041 667 1120 superioribus
723 1042 885 1101 sucis
940 1049 1000 1101 et
1055 1039 1354 1119 decoques
1408 1041 1480 1101 ad
1537 1043 1773 1119 tertias,
1828 1042 1910 1101 ita
1966 1050 2034 1101 ut
2080 1043 2280 1102 mittas

253 1131 481 1190 caricas
517 1130 670 1190 ficus
706 1128 832 1207 1111,
868 1147 1021 1208 quae
1057 1137 1178 1189 tam
1216 1129 1319 1189 diu
1359 1138 1637 1209 coquant,
1683 1130 1874 1190 donec
1912 1132 2279 1211 nigrescant3

171 1236 228 1276 ιο
255 1228 460 1296 postea
496 1218 679 1279 addes
716 1220 1004 1296 axungiae
1043 1220 1261 1279 veteris
1291 1216 1351 1279 Ρ.
1380 1217 1450 1299 11,
1487 1220 1615 1279 sevi
1651 1221 1877 1279 cervini
1906 1219 1969 1280 P.
1998 1218 2041 1299 I,
2080 1218 2281 1298 butyri

254 1307 360 1369 loti
404 1304 469 1367 P.
507 1305 559 1386 1,
606 1305 898 1367 medullae
944 1308 1219 1367 cervinae
1264 1306 1329 1366 P.
1368 1306 1421 1384 1,
1478 1309 1602 1367 sevi
1648 1306 1856 1367 bubuli
1900 1307 1966 1368 P.
2007 1307 2056 1389 1,
2104 1325 2278 1368 cerae

258 1427 334 1438 ——
378 1393 479 1476 VI,
535 1398 768 1455 resinae
823 1394 1032 1457 frictae
1085 1427 1175 1437 —
1221 1393 1311 1453 VI.
1395 1394 1553 1456 Haec
1609 1414 1746 1457 cum
1802 1398 2020 1457 ceteris
2075 1395 2279 1457 herbis

253 1485 527 1544 remittes
563 1491 624 1544 et
661 1502 798 1543 cum
836 1483 946 1564 his,
985 1501 1136 1562 quae
1175 1501 1354 1560 supra
1394 1486 1614 1562 scripta
1655 1491 1812 1565 sunt,
1841 1483 2117 1545 omnibus
2145 1501 2281 1562 per-

253 1572 535 1633 miscebis
593 1581 653 1632 et
707 1589 961 1651 repones
1017 1574 1078 1632 in
1127 1573 1281 1631 vasis
1338 1572 1619 1633 fictilibus
1666 1581 1769 1633 aut
1812 1574 1876 1632 in
1922 1573 2134 1652 ligneis
2180 1582 2282 1634 aut

171 1677 224 1718 15
254 1662 492 1722 corneis
534 1669 594 1721 et
633 1679 769 1721 cum
807 1661 1064 1722 volueris
1112 1660 1406 1738 tepefacto
1453 1664 1643 1721 uteris
1689 1669 1897 1721 contra
1935 1678 2142 1721 omnes
2180 1660 2281 1721 do·

253 1749 431 1828 loreS‚
480 1759 547 1809 ut
593 1768 774 1828 supra
820 1753 1110 1827 scriptum
1157 1757 1264 1808 est.

435 1837 706 1898 Sciaticis
736 1846 796 1898 et
825 1837 1164 1898 lumborum
1192 1835 1501 1898 doloribus
1519 1841 1683 1918 porri
1714 1839 1921 1899 sectivi
1950 1839 2079 1899 triti
2098 1856 2279 1900 sucus
2318 1851 2385 1900 16

253 1944 577 2004 expressus
606 1944 742 1987 cum
770 1928 890 1987 vini
919 1925 1154 1987 hemina
1182 1927 1384 1986 ieiuno
1414 1928 1583 2004 potui
1610 1926 1783 1988 datus
1812 1926 2134 1988 efficaciter
2160 1945 2280 1987 me-

256 2016 460 2095 detur3
508 2032 694 2094 aeque
741 2015 988 2093 prodest
1034 2022 1093 2075 et
1136 2016 1255 2094 apii
1293 2033 1474 2076 sucus
1514 2014 1786 2076 similiter
1822 2015 2011 2076 datus.
2085 2013 2280 2077 Herba
2322 2028 2386 2077 17

175 2121 231 2161 so
259 2103 646 2183 chamaedrys
693 2112 940 2165 contusa
988 2111 1049 2164 et
1095 2121 1231 2164 cum
1277 2103 1451 2164 melle
1492 2106 1658 2183 potui
1699 2121 1807 2182 per
1844 2104 2108 2164 triduum
2150 2104 2283 2165 data

258 2192 577 2253 confestim
633 2193 906 2253 medetur
961 2191 1299 2254 lumborum
1361 2201 1422 2253 et
1476 2210 1758 2253 coxarum
1818 2193 2040 2273 dolori3
2099 2191 2282 2253 herba

257 2297 499 2359 quoque
546 2283 784 2341 senecio
830 2283 894 2342 in
940 2281 1074 2342 cibo
1113 2290 1349 2360 sumpta
1386 2300 1666 2342 coxarum
1705 2290 1767 2343 et
1802 2282 2139 2343 lumborum
2176 2282 2283 2343 do-

258 2370 419 2429 lores
467 2372 798 2430 certissime
846 2379 1032 2431 sanat.
1113 2370 1300 2448 Adipe
1354 2372 1559 2431 ursina
1614 2370 1881 2431 dolentes
1926 2389 2104 2431 coxas
2148 2387 2282 2450 per·
2324 2384 2390 2435 18

262 2459 429 2538 frica,
477 2460 760 2519 continuo
808 2457 1059 2519 sanabis.
1124 2457 1241 2529 Qui
1284 2458 1628 2519 testiculum
1674 2458 2007 2537 leporinum
2047 2467 2285 2520 coctum
2324 2474 2389 2524 19

183 2562 235 2603 25
265 2548 506 2607 ieiunus
535 2546 879 2628 comederit,
909 2548 1027 2607 cito
1056 2564 1337 2607 coxarum
1366 2546 1569 2606 dolore
1599 2546 1974 2608 relevabitur.
2034 2546 2285 2608 Radices
2322 2561 2392 2611 20

258 2654 330 2695 ex
378 2637 614 2714 integro
651 2637 828 2696 tritae
868 2652 1002 2695 cum
1046 2652 1196 2713 pane
1234 2633 1528 2695 remollito
1565 2636 1895 2696 miscentur
1930 2646 2109 2714 atque
2146 2636 2284 2696 inde

258 2722 612 2802 cataplasma
662 2724 881 2785 factum
928 2741 1209 2784 coxarum
1256 2723 1351 2783 vel
1395 2721 1761 2804 lumborum,
1817 2727 1993 2784 etiam
2048 2726 2283 2785 renium

257 2812 453 2872 dolori
496 2814 823 2892 inponitur,
869 2815 1068 2872 statim
1116 2812 1379 2890 prodest.
1453 2879 1464 2890 .

440 2900 793 2961 Incredibile
851 2910 910 2961 et
965 2902 1208 2961 unicum
1259 2899 1590 2960 remedium
1645 2902 1904 2962 sciaticis
1960 2911 2020 2961 et
2070 2900 2283 2961 arthri·
2319 2915 2389 2964 21

175 3006 235 3045 so
264 2990 403 3050 ticis
449 2988 561 3049 hoc
609 3000 727 3071 est,
784 3007 902 3068 quo
958 2996 1020 3049 et
1072 2990 1202 3067 ipse
1247 2988 1548 3049 Ausonius
1593 2988 1860 3049 medicus
1907 2997 2148 3050 sanatus
2194 2999 2286 3052 est

260 3085 325 3138 et
368 3076 588 3138 multos
633 3080 713 3137 ita
760 3080 1038 3157 iacenteS,
1084 3085 1154 3138 ut
1198 3094 1438 3137 movere
1486 3094 1549 3136 se
1598 3079 1726 3137 sine
1774 3080 2041 3139 cruciatu
2081 3082 2285 3159 nequi·

260 3177 415 3248 rent,
452 3168 609 3227 intra
648 3169 912 3245 quinque
942 3166 1069 3227 dies
1099 3176 1278 3247 stare,
1315 3164 1615 3225 ambulare
1644 3173 1840 3227 autem
1870 3169 2026 3228 intra
2057 3177 2285 3247 septem

259 3255 388 3315 dies
436 3254 604 3332 fecit3
652 3255 968 3315 conficitur
1016 3256 1129 3315 sic:
1176 3253 1413 3314 Fimum
1457 3252 1680 3315 ibicum
1722 3255 1859 3316 luna
1899 3257 2148 3334 septima
2187 3255 2285 3316 de·

260 3345 412 3403 cima
470 3343 739 3423 colliges,
806 3361 1162 3423 quamquam
1227 3354 1288 3403 et
1344 3343 1454 3403 alia
1508 3343 1647 3404 luna
1703 3352 1902 3405 vetere
1968 3343 2284 3405 collectum

445 3483 474 3530 1
513 3478 727 3538 barba„
851 3483 886 3532 4
922 3476 1204 3550 hastulae]
1243 3477 1449 3533 asclae.
1560 3483 1592 3531 9
1624 3481 1933 3548 coquantur
1964 3476 2282 3535 Comarius.

258 3546 572 3618 nigriscant
606 3554 704 3605 lm
739 3549 1064 3618 nigrescant
1097 3555 1216 3605 2m.
1365 3555 1434 3603 20
1472 3546 1807 3602 chamedris.
1952 3554 2021 3603 22
2061 3550 2283 3607 senici0.

261 3624 330 3673 29
372 3618 644 3675 sceaticiffi
790 3625 860 3674 30
898 3620 1032 3692 quo]
1073 3620 1238 3688 quod.
1386 3624 1455 3672 34
1493 3616 1751 3687 colleges.
