2575 4092
1124 222 1560 286 -20-

617 421 1004 482 Cornelius
1051 421 1301 483 Celsus
1348 421 1590 482 Pullio
1638 421 1874 482 Natali
1923 440 1967 482 s,
2016 422 2070 483 d.

512 564 711 625 Lectis
778 563 1013 625 duobus
1074 563 1244 625 libris
1318 565 1796 642 conpositionum
1863 564 2140 639 GraeciS,
2205 563 2362 624 Pulli

328 653 570 734 NataliS,
619 671 768 732 quos
817 654 1033 714 misisti
1077 652 1242 732 mihi,
1290 660 1358 713 ut
1402 654 1465 713 in
1511 652 1789 714 Latinum
1836 671 2171 713 sermonem
2220 671 2360 713 con-

328 750 644 822 verterem,
691 741 945 802 libenter
990 744 1165 821 parui
1211 749 1348 802 tuae
1396 741 1702 822 voluntati,
1754 742 1963 822 dignos
2010 761 2112 802 eos
2159 743 2359 802 existi-

328 849 526 906 mans,
585 829 802 910 quihus
849 849 1089 910 operam
1138 830 1552 912 inpenderem,
1614 832 1892 910 quoniam
1938 831 2145 910 plenos
2201 831 2360 891 utili-

328 921 469 981 tatis
511 920 783 1000 conperi3
830 917 1093 998 alioquin
1138 937 1518 980 excusassem
1561 938 1674 1000 me,
1719 923 2092 999 propositum
2131 919 2357 980 hahens
2386 934 2413 976 5

329 1008 479 1068 nihil
523 1026 645 1068 non
692 1006 937 1087 dignum
986 1008 1227 1069 sublimi
1272 1008 1675 1069 Romanorum
1721 1011 2029 1070 maiestate
2081 1010 2154 1070 de
2201 1008 2358 1069 bono

328 1096 657 1157 medicinae
713 1098 858 1156 artis
915 1096 1393 1176 splendidissime
1452 1097 1717 1159 scribere
1772 1098 1952 1177 idque
1999 1099 2362 1178 perennitati

330 1194 390 1246 et
435 1185 651 1247 litteris
697 1185 993 1246 mandare.
1075 1184 1332 1247 Habebit
1382 1204 1524 1265 ergo
1581 1194 1642 1247 et
1686 1205 1970 1266 praesens
2015 1195 2250 1266 tempus
2300 1194 2359 1247 et

331 1276 532 1336 futura
586 1275 905 1353 posteritas
961 1277 1024 1334 in
1081 1274 1196 1335 hoc
1250 1282 1577 1354 perpetuae
1645 1275 1963 1336 voluntatis
2026 1293 2192 1337 meae
2254 1294 2355 1337 cu-

331 1381 551 1442 raeque
591 1364 993 1441 gratissimum
1033 1382 1268 1443 munuS,
1312 1364 1606 1443 siquidem
1644 1363 1800 1425 hona
1838 1364 2171 1426 valetudine
2208 1364 2359 1425 nihil
2387 1380 2442 1419 ιο

333 1460 424 1512 est
471 1451 754 1531 pulcrius
838 1450 984 1512 Dedi
1032 1459 1229 1513 autem
1276 1471 1519 1531 operam
1578 1461 1856 1532 quantam
1911 1456 2108 1533 potui,
2163 1462 2231 1514 ut
2286 1454 2359 1514 ad

332 1540 581 1602 verbum
636 1540 1052 1622 transferrem,
1109 1560 1260 1620 quae
1315 1543 1379 1602 in
1426 1541 1667 1602 Graecis
1722 1542 2173 1604 medicinalibus
2228 1561 2359 1622 rep-

331 1632 489 1711 peri,
536 1649 647 1691 nec
696 1631 1093 1691 necessariam
1142 1648 1348 1691 curam
1398 1629 1596 1691 cultus
1634 1632 1920 1692 orationis
1955 1634 2175 1713 putavi,
2223 1634 2360 1711 quia

332 1721 558 1780 rectius
615 1719 756 1780 duxi
813 1721 1210 1799 proprietates
1269 1721 1578 1780 nominum
1634 1719 1813 1780 edere
1870 1728 1929 1780 et
1985 1739 2111 1781 rem
2160 1739 2359 1781 veram

333 1808 445 1869 sub
509 1807 828 1869 herbarum
897 1811 1349 1888 peregrinarum
1403 1807 1705 1869 vocabulis
1766 1807 2079 1889 explicare.
2162 1809 2359 1871 Unum
2387 1824 2443 1865 15

333 1915 521 1976 genus
568 1897 757 1958 fateor
803 1915 898 1957 me
945 1896 1352 1957 translationis
1398 1896 1472 1957 de
1514 1897 1809 1959 industria
1847 1897 2192 1979 declinasse,
2239 1917 2357 1977 quo

331 1986 456 2046 fere
505 1984 716 2046 Graeci
761 1993 1016 2045 utuntur
1061 1987 1123 2045 in
1170 1985 1743 2048 medicamentorum
1782 1988 2117 2068 scripturiS,
2163 1989 2359 2049 omnia

333 2073 405 2134 ad
454 2074 775 2134 secundam
822 2090 1137 2152 personam
1183 2073 1552 2152 derigentes:
1600 2094 1706 2154 ego
1751 2094 1889 2136 vero
1926 2078 1990 2136 in
2026 2094 2202 2138 usum
2238 2095 2359 2137 me-

332 2162 823 2242 dicamentorum,
861 2180 1012 2240 quae
1057 2161 1233 2244 edidi,
1272 2165 1489 2223 ominis
1526 2163 1667 2225 boni
1704 2166 1891 2243 gratia
1928 2164 2149 2225 nullam
2181 2165 2360 2225 malui

335 2268 509 2330 quam
565 2252 856 2310 infinitam
911 2252 1177 2311 inserere
1242 2270 1585 2333 personam,
1650 2252 2178 2334 admoneremque,
2242 2256 2361 2314 nisi
2388 2268 2444 2308 so

336 2346 568 2400 certum
614 2337 894 2399 haberem
944 2346 1001 2399 te
1043 2357 1164 2400 non
1203 2342 1495 2422 ignorare,
1541 2360 1636 2402 me
1674 2341 2017 2403 huiusmodi
2053 2341 2207 2403 hona
2245 2345 2359 2404 uti-

335 2428 519 2490 litatis
574 2429 763 2506 magis
820 2445 995 2506 quam
1051 2428 1464 2490 delectationis
1512 2449 1688 2491 causa
1738 2433 2067 2510 scripsisse.
2151 2431 2363 2493 Graeci

334 2517 547 2579 medici
577 2516 841 2597 pondera
870 2516 1439 2579 medicamentorum
1469 2518 1539 2579 ad
1571 2520 1842 2599 dragmas
1872 2520 2177 2602 redigunt3
2209 2539 2359 2600 quae

336 2608 473 2686 quia
520 2604 591 2666 ad
640 2605 949 2666 denarium
1005 2613 1279 2668 nostrum
1327 2610 1707 2691 conveniunt,
1754 2611 2051 2688 octoginta
2099 2612 2256 2670 enim
2300 2617 2361 2670 et

335 2701 617 2774 quattuor
663 2696 723 2754 in
771 2692 983 2754 libram
1029 2697 1367 2778 incurrunt,
1411 2714 1522 2776 pro
1570 2705 1709 2758 nota
1756 2696 2014 2758 Graecae
2062 2697 2357 2781 dragmae,
2388 2712 2443 2753 25

335 2802 487 2863 quae
520 2790 613 2844 est
640 2783 828 2860 figura
857 2783 992 2843 talis
1021 2780 1087 2846 <
1106 2831 1124 2865 ,
1163 2792 1363 2845 notam
1393 2785 1623 2846 denarii
1650 2785 1936 2866 Latinam,
1981 2805 2155 2866 quam
2184 2790 2360 2869 nosti,

334 2874 527 2953 posui,
571 2871 631 2932 id
680 2880 772 2932 est
817 2871 969 2933 hanc
1018 2871 1086 2953 X,
1133 2881 1193 2934 et
1239 2873 1310 2934 ad
1360 2877 1489 2935 eius
1525 2874 1759 2955 pondus
1798 2875 2050 2937 Graecas
2089 2876 2361 2955 dragmas

335 2961 588 3040 rediges
658 2959 734 3021 Et
772 2962 1049 3040 quoniam
1090 2981 1240 3041 quae
1280 2963 1439 3024 volui
1474 2964 1775 3043 praefatus
1813 2983 1963 3047 sum,
2010 2983 2171 3026 nunc
2210 2983 2361 3044 quae

337 3049 639 3110 desideras
687 3049 1008 3128 explicab0.

478 3242 514 3291 4
551 3235 841 3307 quoniam]
881 3237 993 3306 zsffi:
1032 3256 1173 3308 quos
1213 3238 1532 3297 Gornarim.
1715 3245 1747 3295 5
1783 3240 1846 3295 ni
1882 3258 1971 3296 me
2006 3240 2364 3312 propositum

336 3307 574 3364 haberet
594 3307 913 3365 Carnarius.
1009 3315 1074 3365 10
1104 3312 1428 3367 valetudine
1445 3317 1544 3367 lm
1571 3310 1884 3367 valitudine
1902 3318 2007 3370 2m
2090 3319 2153 3368 11
2187 3324 2364 3382 quan-4

337 3384 459 3436 tum
499 3379 819 3436 (Iov-narius.
931 3387 999 3437 18
1027 3381 1342 3452 derigentes
1381 3387 1479 3438 1m
1517 3382 1821 3452 dirigentes
1850 3389 1953 3440 2m
2061 3390 2125 3439 19
2163 3384 2363 3440 omnis.

339 3451 555 3507 nullam
592 3468 692 3509 om.
803 3456 872 3506 23
910 3452 1229 3524 draghmas.
1350 3459 1418 3508 25
1456 3454 1778 3523 draghmae.
1906 3460 1974 3510 26
2012 3467 2064 3511 <
2109 3471 2232 3526 eqo.-
2269 3456 2363 3511 ·Z·.

338 3528 408 3577 28
445 3522 735 3594 quoniam]
775 3520 886 3592 fsffi.
1066 3530 1134 3579 29
1171 3523 1326 3579 Finit
1361 3525 1606 3594 epistula-
1642 3524 1804 3581 Celsi.
1879 3525 2086 3596 Incipit
2124 3526 2367 3597 epistula.

345 3593 660 3650 Vindiciani
688 3594 910 3651 comitis
931 3595 1337 3651 archiatrorum
1366 3595 1440 3650 ad
1458 3595 1921 3652 Valentinianum
1947 3598 2363 3669 imperatorem.
