2575 4092
207 999 664 1064 MARCELLUS
682 1000 811 1064 VIR
828 1001 1208 1066 INLUSTER
1237 1002 1343 1064 EX
1362 1003 1750 1068 MAGISTRO
1770 1004 2238 1069 OFFICIORUM

405 1125 827 1189 THEODOSII
873 1127 1036 1191 SEN.
1083 1127 1309 1190 FILIIS
1358 1128 1524 1191 SUIS
1573 1129 1928 1192 SALUTEM
1975 1131 2039 1194 D.

379 1376 646 1438 Secutus
693 1394 873 1455 opera
919 1377 1325 1440 studiosorum
1371 1381 1664 1461 virorum,
1719 1381 1822 1459 qui
1875 1379 2015 1442 licet
2060 1379 2238 1443 alieni
2280 1392 2307 1439 1

206 1464 421 1527 fuerint
470 1466 547 1526 ab
594 1467 968 1527 institutione
1015 1467 1361 1548 medicinae,
1406 1476 1605 1529 tamen
1652 1467 1997 1530 huiusmodi
2041 1472 2238 1531 causis

205 1572 373 1615 curas
410 1553 651 1616 nobiles
688 1554 1038 1636 intulerunt,
1074 1555 1342 1618 libellum
1377 1555 1538 1618 hunc
1577 1557 1651 1618 de
1686 1558 1988 1636 empiticis
2018 1567 2238 1638 quanta

205 1646 366 1720 potui
413 1644 686 1705 sollertia
724 1643 1146 1725 diligentiaque
1194 1648 1545 1723 conscripsi,
1593 1645 1995 1707 remediorum
2040 1646 2237 1727 physi-

159 1744 180 1783 5
206 1750 407 1793 corum
456 1735 588 1794 sive
636 1732 1074 1794 rationabilium
1123 1733 1600 1796 confectionibus
1651 1742 1711 1794 et
1757 1733 2238 1797 adnotationibus

204 1820 417 1882 fartum
456 1821 783 1883 undeunde
822 1822 1102 1884 collectis.
1159 1822 1308 1884 Nam
1337 1824 1389 1883 si
1422 1822 1564 1902 quid
1594 1840 1878 1901 umquam
1906 1840 2239 1902 congruum

204 1913 436 1973 sanitati
478 1912 895 1990 curationique
932 1910 1241 1973 hominum
1281 1911 1375 1973 vel
1412 1910 1486 1973 ab
1524 1911 1655 1972 aliis
1693 1913 1941 1990 conperi
1979 1912 2071 1972 vel
2109 1913 2237 1992 ipse

201 2012 311 2060 usu
356 1999 690 2081 approbavi
734 2000 825 2061 vel
871 2000 1122 2080 legendo
1179 2003 1459 2084 cognovi,
1514 2001 1575 2061 id
1633 2018 1909 2080 sparsum
1969 2002 2237 2063 incondi-

201 2097 450 2170 tumque
499 2088 712 2167 collegi
757 2096 819 2150 et
864 2091 926 2150 in
973 2109 1160 2151 unum
1193 2109 1414 2171 corpus
1452 2092 1624 2171 quasi
1661 2090 1908 2152 disiecta
1946 2099 2006 2153 et
2043 2090 2237 2153 lacera

131 2190 177 2229 10
201 2176 592 2257 Aesculapius
634 2176 822 2238 Virbii
867 2178 1132 2241 membra
1179 2181 1488 2260 conposui.
1570 2178 1693 2241 Nec
1751 2180 1943 2241 solum
2003 2188 2235 2242 veteres
2271 2188 2303 2237 2

201 2267 532 2329 medicinae
591 2268 735 2327 artis
797 2275 1072 2329 auctores
1127 2266 1338 2329 Latino
1404 2269 1710 2330 dumtaxat
1765 2286 2040 2331 sermone
2101 2288 2234 2348 per·

201 2358 487 2438 scriptoS‚
544 2357 644 2417 cui
699 2357 789 2417 rei
843 2374 1083 2437 operam
1137 2365 1394 2438 uterque
1449 2356 1679 2418 Plinius
1735 2366 1797 2418 et
1842 2357 2128 2437 Apuleius
2175 2366 2237 2419 et

202 2443 409 2507 Celsus
450 2443 895 2525 et.Apollinaris
929 2464 996 2506 ac
1024 2445 1481 2525 Designatianus
1509 2445 1727 2525 aliique
1755 2445 2027 2507 nonnulli
2056 2448 2234 2508 etiam

201 2537 473 2611 proximo
511 2541 781 2613 tempore
820 2533 1102 2596 inlustres
1138 2535 1470 2597 honoribus
1508 2536 1637 2616 viri,
1679 2536 1840 2596 cives
1878 2552 1945 2596 ac
1978 2537 2234 2596 maiores

133 2634 179 2675 15
206 2626 415 2705 nostri,
463 2622 759 2704 SiburiuS,
805 2622 1131 2704 Eutropius
1178 2632 1357 2704 atque
1400 2625 1718 2704 AusoniuS,
1765 2623 2233 2707 commodarunt,

102 2722 108 2728 ·
203 2710 459 2773 lectione
507 2718 810 2774 scrutatus
858 2730 1008 2793 sum,
1055 2712 1157 2773 sed
1208 2715 1387 2775 etiam
1424 2711 1496 2773 ab
1534 2711 1870 2792 agrestibus
1908 2721 1968 2773 et
2005 2712 2233 2792 plebeis

201 2801 464 2862 remedia
521 2801 770 2864 fortuita
817 2808 996 2881 atque
1045 2801 1353 2884 simplicia,
1409 2819 1561 2882 quae
1618 2802 2041 2879 experimentis
2096 2820 2233 2882 pro-

204 2887 503 2971 baverant,
540 2889 740 2951 didici.
802 2889 1071 2962 Quorum
1107 2890 1275 2951 vobis
1314 2891 1542 2970 copiam
1580 2888 1782 2950 labore
1812 2897 2015 2951 nostro
2046 2890 2231 2970 vigili·
2269 2907 2302 2956 3

205 2995 355 3057 aque
403 2979 750 3061 faciendam,
796 2979 902 3040 filii
944 2978 1292 3061 dulcissimi,
1328 2997 1437 3060 pro
1475 2980 1831 3040 necessitate
1868 2979 2232 3042 infirmitatis

133 3078 182 3118 20
205 3065 507 3129 humanae
540 3069 877 3147 piissimum
925 3069 1093 3150 duxi,
1153 3086 1331 3130 orans
1391 3069 1650 3147 primum
1698 3067 1955 3128 divinam
2002 3071 2233 3130 miseri·

206 3157 492 3240 cordiam,
549 3176 625 3218 ne
680 3157 847 3218 vobis
902 3160 1237 3238 vestrisque
1285 3157 1631 3238 experiendi
1676 3155 1854 3218 huius
1900 3157 2083 3218 libelli
2130 3176 2232 3218 ne-

208 3248 449 3307 cessitas
514 3247 633 3308 ulla
696 3255 1005 3328 nascatur,
1065 3254 1191 3308 tum
1257 3248 1310 3308 si
1366 3263 1481 3324 qua
1538 3246 1721 3307 fuerit
1780 3247 2231 3326 prospiciendae

208 3332 410 3396 salutis
458 3343 519 3396 et
564 3335 821 3397 tuendae
856 3335 1211 3396 valetudinis
1250 3353 1445 3414 causa,
1484 3335 1864 3413 gratulemini
1900 3354 2082 3415 super
2119 3336 2230 3396 hac

207 3439 270 3483 re
307 3422 495 3485 labori
532 3423 851 3505 studioque
890 3432 1112 3505 nostro,
1152 3424 1313 3506 quod
1349 3422 1517 3484 vobis
1545 3422 1770 3502 absque
1799 3424 2018 3485 medici
2047 3427 2233 3486 inter·

345 3628 413 3668 ex
439 3611 710 3684 magistro
737 3612 1048 3668 officiorum
1069 3613 1355 3669 Pithoeus.-
1383 3627 1451 3667 ex
1472 3627 1678 3680 magno
1699 3612 1884 3668 officio
1906 3613 2227 3670 Oornarius.

309 3710 624 3766 Manoznurs,
649 3723 728 3755 ιι).
755 3713 1065 3754 Hanunea.
1879 3706 1908 3753 1
