<?xml version="1.0" encoding="UTF-8"?>
<!DOCTYPE html PUBLIC "-//W3C//DTD XHTML 1.0 Transitional//EN"
    "http://www.w3.org/TR/xhtml1/DTD/xhtml1-transitional.dtd">
<html xmlns="http://www.w3.org/1999/xhtml" xml:lang="en" lang="en">
 <head>
  <title>
</title>
<meta http-equiv="Content-Type" content="text/html;charset=utf-8" />
  <meta name='ocr-system' content='tesseract 3.04.00' />
  <meta name='ocr-capabilities' content='ocr_page ocr_carea ocr_par ocr_line ocrx_word'/>
</head>
<body>
  <div class='ocr_page' id='page_1' title='image "./marcellidemedic00unkngoog_0325.png"; bbox 0 0 2575 4092; ppageno 0'>
   <div class='ocr_carea' id='block_1_1' title="bbox 19 2535 26 3097">
    <p class='ocr_par' dir='ltr' id='par_1_1' title="bbox 19 2535 26 3097">
     <span class='ocr_line' id='line_1_1' title="bbox 19 2535 26 3097; baseline 0 0"><span class='ocrx_word' id='word_1_1' title='bbox 19 2535 26 3097; x_wconf 95' lang='lat' dir='ltr'><strong> </strong></span> 
     </span>
    </p>
   </div>
   <div class='ocr_carea' id='block_1_2' title="bbox 997 228 1482 295">
    <p class='ocr_par' dir='ltr' id='par_1_2' title="bbox 997 228 1482 295">
     <span class='ocr_line' id='line_1_2' title="bbox 997 228 1482 295; baseline 0.002 -1"><span class='ocrx_word' id='word_1_2' title='bbox 997 265 1076 277; x_wconf 91' lang='lat'><strong>—-</strong></span> <span class='ocrx_word' id='word_1_3' title='bbox 1171 228 1482 295; x_wconf 87' lang='lat'>305—</span> 
     </span>
    </p>
   </div>
   <div class='ocr_carea' id='block_1_3' title="bbox 131 390 2254 1625">
    <p class='ocr_par' dir='ltr' id='par_1_3' title="bbox 131 390 2254 1625">
     <span class='ocr_line' id='line_1_3' title="bbox 206 390 2252 476; baseline 0.002 -23"><span class='ocrx_word' id='word_1_4' title='bbox 206 392 529 471; x_wconf 88' lang='lat' dir='ltr'><strong>repetierit</strong></span> <span class='ocrx_word' id='word_1_5' title='bbox 591 390 706 452; x_wconf 88' lang='lat' dir='ltr'><strong>hoc</strong></span> <span class='ocrx_word' id='word_1_6' title='bbox 772 391 1020 473; x_wconf 91' lang='lat' dir='ltr'><strong>malum,</strong></span> <span class='ocrx_word' id='word_1_7' title='bbox 1084 392 1275 472; x_wconf 88' lang='lat' dir='ltr'><strong>frigus</strong></span> <span class='ocrx_word' id='word_1_8' title='bbox 1332 412 1406 454; x_wconf 85' lang='lat' dir='ltr'><strong>ex</strong></span> <span class='ocrx_word' id='word_1_9' title='bbox 1457 393 1841 456; x_wconf 90' lang='lat' dir='ltr'><strong>multitudine</strong></span> <span class='ocrx_word' id='word_1_10' title='bbox 1901 394 2020 456; x_wconf 91' lang='lat' dir='ltr'><strong>cibi</strong></span> <span class='ocrx_word' id='word_1_11' title='bbox 2078 413 2252 476; x_wconf 90' lang='lat' dir='ltr'><strong>prae·</strong></span> 
     </span>
     <span class='ocr_line' id='line_1_4' title="bbox 207 480 2246 566; baseline 0.002 -25"><span class='ocrx_word' id='word_1_12' title='bbox 207 480 378 541; x_wconf 83' lang='lat' dir='ltr'><strong>cedit</strong></span> <span class='ocrx_word' id='word_1_13' title='bbox 440 481 908 560; x_wconf 88' lang='lat' dir='ltr'><strong>gravitatemque</strong></span> <span class='ocrx_word' id='word_1_14' title='bbox 964 481 1258 561; x_wconf 90' lang='lat' dir='ltr'><strong>quandam</strong></span> <span class='ocrx_word' id='word_1_15' title='bbox 1316 490 1377 543; x_wconf 92' lang='lat' dir='ltr'><strong>et</strong></span> <span class='ocrx_word' id='word_1_16' title='bbox 1431 488 1736 561; x_wconf 87' lang='lat' dir='ltr'><strong>torporem</strong></span> <span class='ocrx_word' id='word_1_17' title='bbox 1793 484 1924 545; x_wconf 86' lang='lat' dir='ltr'><strong>eius</strong></span> <span class='ocrx_word' id='word_1_18' title='bbox 1986 483 2130 566; x_wconf 90' lang='lat' dir='ltr'><strong>loci,</strong></span> <span class='ocrx_word' id='word_1_19' title='bbox 2186 484 2246 546; x_wconf 89' lang='lat' dir='ltr'><strong>id</strong></span> 
     </span>
     <span class='ocr_line' id='line_1_5' title="bbox 209 568 2250 652; baseline 0.002 -23"><span class='ocrx_word' id='word_1_20' title='bbox 209 576 312 629; x_wconf 87' lang='lat' dir='ltr'><strong>est</strong></span> <span class='ocrx_word' id='word_1_21' title='bbox 359 568 493 648; x_wconf 90' lang='lat' dir='ltr'><strong>coli,</strong></span> <span class='ocrx_word' id='word_1_22' title='bbox 541 568 647 629; x_wconf 92' lang='lat' dir='ltr'><strong>sed</strong></span> <span class='ocrx_word' id='word_1_23' title='bbox 696 571 823 630; x_wconf 91' lang='lat' dir='ltr'><strong>sine</strong></span> <span class='ocrx_word' id='word_1_24' title='bbox 871 568 992 631; x_wconf 90' lang='lat' dir='ltr'><strong>ullo</strong></span> <span class='ocrx_word' id='word_1_25' title='bbox 1039 568 1241 631; x_wconf 89' lang='lat' dir='ltr'><strong>dolore</strong></span> <span class='ocrx_word' id='word_1_26' title='bbox 1291 571 1667 634; x_wconf 74' lang='lat' dir='ltr'><strong>sentiendtun</strong></span> <span class='ocrx_word' id='word_1_27' title='bbox 1714 571 1912 652; x_wconf 82' lang='lat' dir='ltr'><strong>infert,</strong></span> <span class='ocrx_word' id='word_1_28' title='bbox 1960 573 2133 651; x_wconf 89' lang='lat' dir='ltr'><strong>plane</strong></span> <span class='ocrx_word' id='word_1_29' title='bbox 2180 581 2250 634; x_wconf 91' lang='lat' dir='ltr'><strong>ut</strong></span> 
     </span>
     <span class='ocr_line' id='line_1_6' title="bbox 208 656 2248 741; baseline 0.002 -23"><span class='ocrx_word' id='word_1_30' title='bbox 208 667 348 719; x_wconf 89' lang='lat' dir='ltr'><strong>tum</strong></span> <span class='ocrx_word' id='word_1_31' title='bbox 402 656 774 739; x_wconf 81' lang='lat' dir='ltr'><strong>intellegant,</strong></span> <span class='ocrx_word' id='word_1_32' title='bbox 835 666 1055 738; x_wconf 88' lang='lat' dir='ltr'><strong>quanto</strong></span> <span class='ocrx_word' id='word_1_33' title='bbox 1111 659 1263 719; x_wconf 90' lang='lat' dir='ltr'><strong>malo</strong></span> <span class='ocrx_word' id='word_1_34' title='bbox 1310 661 1638 741; x_wconf 79' lang='lat' dir='ltr'><strong>caruerint,</strong></span> <span class='ocrx_word' id='word_1_35' title='bbox 1687 662 1792 739; x_wconf 88' lang='lat' dir='ltr'><strong>qui</strong></span> <span class='ocrx_word' id='word_1_36' title='bbox 1834 659 1931 721; x_wconf 90' lang='lat' dir='ltr'><strong>illa</strong></span> <span class='ocrx_word' id='word_1_37' title='bbox 1979 661 2248 722; x_wconf 82' lang='lat' dir='ltr'><strong>molestia</strong></span> 
     </span>
     <span class='ocr_line' id='line_1_7' title="bbox 154 745 2247 830; baseline 0.002 -24"><span class='ocrx_word' id='word_1_38' title='bbox 154 765 182 807; x_wconf 82' lang='lat'><strong>5</strong></span> <span class='ocrx_word' id='word_1_39' title='bbox 210 746 567 807; x_wconf 81' lang='lat' dir='ltr'><strong>liberantur.</strong></span> <span class='ocrx_word' id='word_1_40' title='bbox 631 745 759 807; x_wconf 90' lang='lat' dir='ltr'><strong>Hoc</strong></span> <span class='ocrx_word' id='word_1_41' title='bbox 804 746 1237 808; x_wconf 85' lang='lat' dir='ltr'><strong>medicamento</strong></span> <span class='ocrx_word' id='word_1_42' title='bbox 1273 750 1533 827; x_wconf 88' lang='lat' dir='ltr'><strong>primum</strong></span> <span class='ocrx_word' id='word_1_43' title='bbox 1570 747 1923 810; x_wconf 81' lang='lat' dir='ltr'><strong>muliercula</strong></span> <span class='ocrx_word' id='word_1_44' title='bbox 1961 749 2247 830; x_wconf 87' lang='lat' dir='ltr'><strong>quaedam</strong></span> 
     </span>
     <span class='ocr_line' id='line_1_8' title="bbox 210 834 2250 918; baseline 0.001 -22"><span class='ocrx_word' id='word_1_45' title='bbox 210 854 291 896; x_wconf 85' lang='lat' dir='ltr'><strong>ex</strong></span> <span class='ocrx_word' id='word_1_46' title='bbox 347 834 545 896; x_wconf 82' lang='lat' dir='ltr'><strong>Africa</strong></span> <span class='ocrx_word' id='word_1_47' title='bbox 599 836 846 896; x_wconf 85' lang='lat' dir='ltr'><strong>veniens</strong></span> <span class='ocrx_word' id='word_1_48' title='bbox 899 835 1118 897; x_wconf 84' lang='lat' dir='ltr'><strong>multos</strong></span> <span class='ocrx_word' id='word_1_49' title='bbox 1172 836 1395 898; x_wconf 87' lang='lat' dir='ltr'><strong>Romae</strong></span> <span class='ocrx_word' id='word_1_50' title='bbox 1447 837 1822 918; x_wconf 85' lang='lat' dir='ltr'><strong>remediavit,</strong></span> <span class='ocrx_word' id='word_1_51' title='bbox 1874 844 2084 916; x_wconf 88' lang='lat' dir='ltr'><strong>postea</strong></span> <span class='ocrx_word' id='word_1_52' title='bbox 2138 856 2250 899; x_wconf 92' lang='lat' dir='ltr'><strong>nos</strong></span> 
     </span>
     <span class='ocr_line' id='line_1_9' title="bbox 211 925 2250 1008; baseline 0.002 -24"><span class='ocrx_word' id='word_1_53' title='bbox 211 941 328 1003; x_wconf 90' lang='lat' dir='ltr'><strong>per</strong></span> <span class='ocrx_word' id='word_1_54' title='bbox 375 940 649 1001; x_wconf 88' lang='lat' dir='ltr'><strong>magnam</strong></span> <span class='ocrx_word' id='word_1_55' title='bbox 695 941 899 985; x_wconf 88' lang='lat' dir='ltr'><strong>curam</strong></span> <span class='ocrx_word' id='word_1_56' title='bbox 947 927 1356 1004; x_wconf 86' lang='lat' dir='ltr'><strong>conpositione</strong></span> <span class='ocrx_word' id='word_1_57' title='bbox 1403 927 1535 986; x_wconf 91' lang='lat' dir='ltr'><strong>eius</strong></span> <span class='ocrx_word' id='word_1_58' title='bbox 1580 933 1842 1008; x_wconf 88' lang='lat' dir='ltr'><strong>accepta,</strong></span> <span class='ocrx_word' id='word_1_59' title='bbox 1887 925 1948 986; x_wconf 91' lang='lat' dir='ltr'><strong>id</strong></span> <span class='ocrx_word' id='word_1_60' title='bbox 1988 933 2081 987; x_wconf 91' lang='lat' dir='ltr'><strong>est</strong></span> <span class='ocrx_word' id='word_1_61' title='bbox 2115 944 2250 1006; x_wconf 86' lang='lat' dir='ltr'><strong>pre-</strong></span> 
     </span>
     <span class='ocr_line' id='line_1_10' title="bbox 210 1012 2250 1095; baseline 0.001 -21"><span class='ocrx_word' id='word_1_62' title='bbox 210 1014 302 1074; x_wconf 91' lang='lat' dir='ltr'><strong>tio</strong></span> <span class='ocrx_word' id='word_1_63' title='bbox 352 1012 487 1072; x_wconf 90' lang='lat' dir='ltr'><strong>dato</strong></span> <span class='ocrx_word' id='word_1_64' title='bbox 516 1014 592 1094; x_wconf 38' lang='lat' dir='ltr'><strong>‚ei</strong></span> <span class='ocrx_word' id='word_1_65' title='bbox 638 1012 798 1092; x_wconf 90' lang='lat' dir='ltr'><strong>quod</strong></span> <span class='ocrx_word' id='word_1_66' title='bbox 845 1012 1285 1076; x_wconf 87' lang='lat' dir='ltr'><strong>desideraverat</strong></span> <span class='ocrx_word' id='word_1_67' title='bbox 1324 1016 1427 1094; x_wconf 92' lang='lat' dir='ltr'><strong>qui</strong></span> <span class='ocrx_word' id='word_1_68' title='bbox 1462 1014 1819 1095; x_wconf 88' lang='lat' dir='ltr'><strong>venditabat,</strong></span> <span class='ocrx_word' id='word_1_69' title='bbox 1866 1012 2092 1093; x_wconf 88' lang='lat' dir='ltr'><strong>aliquot</strong></span> <span class='ocrx_word' id='word_1_70' title='bbox 2128 1033 2250 1076; x_wconf 88' lang='lat' dir='ltr'><strong>non</strong></span> 
     </span>
     <span class='ocr_line' id='line_1_11' title="bbox 211 1100 2249 1184; baseline 0.001 -23"><span class='ocrx_word' id='word_1_71' title='bbox 211 1100 476 1162; x_wconf 88' lang='lat' dir='ltr'><strong>humiles</strong></span> <span class='ocrx_word' id='word_1_72' title='bbox 521 1118 716 1180; x_wconf 86' lang='lat' dir='ltr'><strong>neque</strong></span> <span class='ocrx_word' id='word_1_73' title='bbox 762 1104 997 1180; x_wconf 89' lang='lat' dir='ltr'><strong>ignotos</strong></span> <span class='ocrx_word' id='word_1_74' title='bbox 1044 1104 1405 1184; x_wconf 85' lang='lat' dir='ltr'><strong>sanavimus,</strong></span> <span class='ocrx_word' id='word_1_75' title='bbox 1454 1120 1709 1183; x_wconf 89' lang='lat' dir='ltr'><strong>quorum</strong></span> <span class='ocrx_word' id='word_1_76' title='bbox 1755 1103 1995 1163; x_wconf 90' lang='lat' dir='ltr'><strong>nomina</strong></span> <span class='ocrx_word' id='word_1_77' title='bbox 2042 1121 2249 1182; x_wconf 87' lang='lat' dir='ltr'><strong>super-</strong></span> 
     </span>
     <span class='ocr_line' id='line_1_12' title="bbox 131 1190 2250 1253; baseline 0.002 -6"><span class='ocrx_word' id='word_1_78' title='bbox 131 1208 185 1248; x_wconf 82' lang='lat'><strong>10</strong></span> <span class='ocrx_word' id='word_1_79' title='bbox 213 1207 473 1251; x_wconf 89' lang='lat' dir='ltr'><strong>vacuum</strong></span> <span class='ocrx_word' id='word_1_80' title='bbox 521 1198 613 1251; x_wconf 90' lang='lat' dir='ltr'><strong>est</strong></span> <span class='ocrx_word' id='word_1_81' title='bbox 659 1190 904 1251; x_wconf 79' lang='lat' dir='ltr'><strong>referre.</strong></span> <span class='ocrx_word' id='word_1_82' title='bbox 973 1190 1218 1253; x_wconf 85' lang='lat' dir='ltr'><strong>Constat</strong></span> <span class='ocrx_word' id='word_1_83' title='bbox 1262 1198 1461 1253; x_wconf 89' lang='lat' dir='ltr'><strong>autem</strong></span> <span class='ocrx_word' id='word_1_84' title='bbox 1506 1191 2005 1253; x_wconf 89' lang='lat' dir='ltr'><strong>medicamentum</strong></span> <span class='ocrx_word' id='word_1_85' title='bbox 2044 1210 2118 1253; x_wconf 83' lang='lat' dir='ltr'><strong>ex</strong></span> <span class='ocrx_word' id='word_1_86' title='bbox 2155 1191 2250 1252; x_wconf 83' lang='lat' dir='ltr'><strong>his</strong></span> 
     </span>
     <span class='ocr_line' id='line_1_13' title="bbox 213 1277 2251 1362; baseline 0.001 -23"><span class='ocrx_word' id='word_1_87' title='bbox 213 1279 430 1339; x_wconf 86' lang='lat' dir='ltr'><strong>rebus:</strong></span> <span class='ocrx_word' id='word_1_88' title='bbox 477 1277 650 1340; x_wconf 88' lang='lat' dir='ltr'><strong>Cervi</strong></span> <span class='ocrx_word' id='word_1_89' title='bbox 696 1297 920 1340; x_wconf 87' lang='lat' dir='ltr'><strong>cornua</strong></span> <span class='ocrx_word' id='word_1_90' title='bbox 968 1287 1305 1361; x_wconf 87' lang='lat' dir='ltr'><strong>sumuntur,</strong></span> <span class='ocrx_word' id='word_1_91' title='bbox 1352 1281 1494 1341; x_wconf 91' lang='lat' dir='ltr'><strong>dum</strong></span> <span class='ocrx_word' id='word_1_92' title='bbox 1531 1286 1740 1341; x_wconf 87' lang='lat' dir='ltr'><strong>tenera</strong></span> <span class='ocrx_word' id='word_1_93' title='bbox 1778 1289 1936 1362; x_wconf 89' lang='lat' dir='ltr'><strong>sunt,</strong></span> <span class='ocrx_word' id='word_1_94' title='bbox 1982 1288 2044 1341; x_wconf 92' lang='lat' dir='ltr'><strong>et</strong></span> <span class='ocrx_word' id='word_1_95' title='bbox 2080 1283 2251 1361; x_wconf 86' lang='lat' dir='ltr'><strong>quasi</strong></span> 
     </span>
     <span class='ocr_line' id='line_1_14' title="bbox 211 1365 2252 1446; baseline 0.001 -18"><span class='ocrx_word' id='word_1_96' title='bbox 211 1371 278 1428; x_wconf 90' lang='lat' dir='ltr'><strong>in</strong></span> <span class='ocrx_word' id='word_1_97' title='bbox 335 1365 520 1428; x_wconf 88' lang='lat' dir='ltr'><strong>taleas</strong></span> <span class='ocrx_word' id='word_1_98' title='bbox 566 1367 659 1428; x_wconf 86' lang='lat' dir='ltr'><strong>vel</strong></span> <span class='ocrx_word' id='word_1_99' title='bbox 708 1373 910 1446; x_wconf 87' lang='lat' dir='ltr'><strong>partes</strong></span> <span class='ocrx_word' id='word_1_100' title='bbox 954 1367 1167 1429; x_wconf 88' lang='lat' dir='ltr'><strong>breves</strong></span> <span class='ocrx_word' id='word_1_101' title='bbox 1214 1377 1275 1429; x_wconf 93' lang='lat' dir='ltr'><strong>et</strong></span> <span class='ocrx_word' id='word_1_102' title='bbox 1320 1375 1533 1430; x_wconf 89' lang='lat' dir='ltr'><strong>tenues</strong></span> <span class='ocrx_word' id='word_1_103' title='bbox 1580 1369 1767 1430; x_wconf 89' lang='lat' dir='ltr'><strong>divisa</strong></span> <span class='ocrx_word' id='word_1_104' title='bbox 1813 1371 1875 1429; x_wconf 92' lang='lat' dir='ltr'><strong>in</strong></span> <span class='ocrx_word' id='word_1_105' title='bbox 1923 1368 2035 1430; x_wconf 93' lang='lat' dir='ltr'><strong>olla</strong></span> <span class='ocrx_word' id='word_1_106' title='bbox 2080 1368 2252 1430; x_wconf 90' lang='lat' dir='ltr'><strong>fictili</strong></span> 
     </span>
     <span class='ocr_line' id='line_1_15' title="bbox 215 1455 2251 1537; baseline 0 -20"><span class='ocrx_word' id='word_1_107' title='bbox 215 1462 661 1534; x_wconf 88' lang='lat' dir='ltr'><strong>componuntur</strong></span> <span class='ocrx_word' id='word_1_108' title='bbox 717 1455 1119 1536; x_wconf 91' lang='lat' dir='ltr'><strong>operculoque</strong></span> <span class='ocrx_word' id='word_1_109' title='bbox 1177 1458 1555 1537; x_wconf 87' lang='lat' dir='ltr'><strong>superposito</strong></span> <span class='ocrx_word' id='word_1_110' title='bbox 1613 1466 1673 1518; x_wconf 89' lang='lat' dir='ltr'><strong>et</strong></span> <span class='ocrx_word' id='word_1_111' title='bbox 1729 1456 1935 1535; x_wconf 88' lang='lat' dir='ltr'><strong>argilla</strong></span> <span class='ocrx_word' id='word_1_112' title='bbox 1985 1457 2251 1536; x_wconf 88' lang='lat' dir='ltr'><strong>undique</strong></span> 
     </span>
     <span class='ocr_line' id='line_1_16' title="bbox 216 1543 2254 1625; baseline 0.001 -21"><span class='ocrx_word' id='word_1_113' title='bbox 216 1544 585 1605; x_wconf 89' lang='lat' dir='ltr'><strong>circumdata</strong></span> <span class='ocrx_word' id='word_1_114' title='bbox 640 1543 880 1606; x_wconf 82' lang='lat' dir='ltr'><strong>fornace</strong></span> <span class='ocrx_word' id='word_1_115' title='bbox 929 1554 1032 1606; x_wconf 90' lang='lat' dir='ltr'><strong>aut</strong></span> <span class='ocrx_word' id='word_1_116' title='bbox 1077 1545 1254 1607; x_wconf 88' lang='lat' dir='ltr'><strong>furno</strong></span> <span class='ocrx_word' id='word_1_117' title='bbox 1302 1552 1588 1625; x_wconf 88' lang='lat' dir='ltr'><strong>uruntur,</strong></span> <span class='ocrx_word' id='word_1_118' title='bbox 1643 1545 1834 1606; x_wconf 90' lang='lat' dir='ltr'><strong>donec</strong></span> <span class='ocrx_word' id='word_1_119' title='bbox 1879 1548 1943 1605; x_wconf 89' lang='lat' dir='ltr'><strong>in</strong></span> <span class='ocrx_word' id='word_1_120' title='bbox 1989 1547 2254 1606; x_wconf 90' lang='lat' dir='ltr'><strong>cinerem</strong></span> 
     </span>
    </p>
   </div>
   <div class='ocr_carea' id='block_1_4' title="bbox 22 1632 2251 1714">
    <p class='ocr_par' dir='ltr' id='par_1_4' title="bbox 22 1632 2251 1714">
     <span class='ocr_line' id='line_1_17' title="bbox 22 1632 2251 1714; baseline 0.002 -25"><span class='ocrx_word' id='word_1_121' title='bbox 22 1699 23 1704; x_wconf 8' lang='grc' dir='ltr'>ἵ</span> <span class='ocrx_word' id='word_1_122' title='bbox 133 1651 186 1692; x_wconf 88' lang='lat'><strong>15</strong></span> <span class='ocrx_word' id='word_1_123' title='bbox 216 1632 709 1695; x_wconf 88' lang='lat' dir='ltr'><strong>candidissimum</strong></span> <span class='ocrx_word' id='word_1_124' title='bbox 763 1633 1137 1714; x_wconf 83' lang='lat' dir='ltr'><strong>redigantur,</strong></span> <span class='ocrx_word' id='word_1_125' title='bbox 1193 1640 1371 1713; x_wconf 90' lang='lat' dir='ltr'><strong>atque</strong></span> <span class='ocrx_word' id='word_1_126' title='bbox 1425 1635 1506 1695; x_wconf 89' lang='lat' dir='ltr'><strong>ita</strong></span> <span class='ocrx_word' id='word_1_127' title='bbox 1562 1635 1702 1695; x_wconf 87' lang='lat' dir='ltr'><strong>trita</strong></span> <span class='ocrx_word' id='word_1_128' title='bbox 1757 1636 1821 1694; x_wconf 90' lang='lat' dir='ltr'><strong>in</strong></span> <span class='ocrx_word' id='word_1_129' title='bbox 1875 1651 2015 1694; x_wconf 85' lang='lat' dir='ltr'><strong>vaso</strong></span> <span class='ocrx_word' id='word_1_130' title='bbox 2061 1635 2251 1696; x_wconf 88' lang='lat' dir='ltr'><strong>vitreo</strong></span> 
     </span>
    </p>
   </div>
   <div class='ocr_carea' id='block_1_5' title="bbox 137 1720 2255 2248">
    <p class='ocr_par' dir='ltr' id='par_1_5' title="bbox 137 1720 2255 2248">
     <span class='ocr_line' id='line_1_18' title="bbox 213 1720 2252 1804; baseline 0 -21"><span class='ocrx_word' id='word_1_131' title='bbox 213 1722 445 1783; x_wconf 89' lang='lat' dir='ltr'><strong>mundo</strong></span> <span class='ocrx_word' id='word_1_132' title='bbox 483 1729 874 1801; x_wconf 87' lang='lat' dir='ltr'><strong>reponuntur.</strong></span> <span class='ocrx_word' id='word_1_133' title='bbox 931 1721 1080 1783; x_wconf 88' lang='lat' dir='ltr'><strong>Cum</strong></span> <span class='ocrx_word' id='word_1_134' title='bbox 1117 1720 1384 1783; x_wconf 90' lang='lat' dir='ltr'><strong>dolorem</strong></span> <span class='ocrx_word' id='word_1_135' title='bbox 1423 1721 1538 1783; x_wconf 90' lang='lat' dir='ltr'><strong>coli</strong></span> <span class='ocrx_word' id='word_1_136' title='bbox 1573 1721 1816 1783; x_wconf 89' lang='lat' dir='ltr'><strong>habebit</strong></span> <span class='ocrx_word' id='word_1_137' title='bbox 1844 1720 2076 1804; x_wconf 78' lang='lat' dir='ltr'><strong>aliquiS,</strong></span> <span class='ocrx_word' id='word_1_138' title='bbox 2115 1731 2252 1785; x_wconf 86' lang='lat' dir='ltr'><strong>ante</strong></span> 
     </span>
     <span class='ocr_line' id='line_1_19' title="bbox 216 1810 2254 1891; baseline 0 -19"><span class='ocrx_word' id='word_1_139' title='bbox 216 1811 381 1872; x_wconf 88' lang='lat' dir='ltr'><strong>diem</strong></span> <span class='ocrx_word' id='word_1_140' title='bbox 418 1810 815 1873; x_wconf 87' lang='lat' dir='ltr'><strong>abstinebitur</strong></span> <span class='ocrx_word' id='word_1_141' title='bbox 852 1829 1029 1891; x_wconf 89' lang='lat' dir='ltr'><strong>quam</strong></span> <span class='ocrx_word' id='word_1_142' title='bbox 1057 1819 1312 1890; x_wconf 90' lang='lat' dir='ltr'><strong>poturus</strong></span> <span class='ocrx_word' id='word_1_143' title='bbox 1342 1820 1434 1873; x_wconf 91' lang='lat' dir='ltr'><strong>est</strong></span> <span class='ocrx_word' id='word_1_144' title='bbox 1459 1810 1959 1872; x_wconf 90' lang='lat' dir='ltr'><strong>medicamentum</strong></span> <span class='ocrx_word' id='word_1_145' title='bbox 1989 1811 2062 1872; x_wconf 88' lang='lat' dir='ltr'><strong>ab</strong></span> <span class='ocrx_word' id='word_1_146' title='bbox 2091 1813 2254 1872; x_wconf 91' lang='lat' dir='ltr'><strong>omni</strong></span> 
     </span>
     <span class='ocr_line' id='line_1_20' title="bbox 217 1900 2255 1980; baseline 0 -20"><span class='ocrx_word' id='word_1_147' title='bbox 217 1901 356 1961; x_wconf 91' lang='lat' dir='ltr'><strong>cibo</strong></span> <span class='ocrx_word' id='word_1_148' title='bbox 405 1908 582 1980; x_wconf 86' lang='lat' dir='ltr'><strong>atque</strong></span> <span class='ocrx_word' id='word_1_149' title='bbox 626 1900 710 1961; x_wconf 89' lang='lat' dir='ltr'><strong>ita</strong></span> <span class='ocrx_word' id='word_1_150' title='bbox 754 1908 995 1978; x_wconf 89' lang='lat' dir='ltr'><strong>postera</strong></span> <span class='ocrx_word' id='word_1_151' title='bbox 1042 1900 1138 1960; x_wconf 92' lang='lat' dir='ltr'><strong>die</strong></span> <span class='ocrx_word' id='word_1_152' title='bbox 1185 1900 1453 1978; x_wconf 89' lang='lat' dir='ltr'><strong>digestus</strong></span> <span class='ocrx_word' id='word_1_153' title='bbox 1498 1907 1678 1980; x_wconf 90' lang='lat' dir='ltr'><strong>atque</strong></span> <span class='ocrx_word' id='word_1_154' title='bbox 1724 1901 1962 1960; x_wconf 91' lang='lat' dir='ltr'><strong>ieiunus</strong></span> <span class='ocrx_word' id='word_1_155' title='bbox 2000 1902 2255 1979; x_wconf 87' lang='lat' dir='ltr'><strong>accipiet</strong></span> 
     </span>
     <span class='ocr_line' id='line_1_21' title="bbox 218 1986 2254 2067; baseline 0 -18"><span class='ocrx_word' id='word_1_156' title='bbox 218 2008 291 2049; x_wconf 86' lang='lat' dir='ltr'><strong>ex</strong></span> <span class='ocrx_word' id='word_1_157' title='bbox 337 1988 453 2049; x_wconf 89' lang='lat' dir='ltr'><strong>hoc</strong></span> <span class='ocrx_word' id='word_1_158' title='bbox 489 1988 733 2067; x_wconf 85' lang='lat' dir='ltr'><strong>pulvere</strong></span> <span class='ocrx_word' id='word_1_159' title='bbox 771 2007 1064 2049; x_wconf 88' lang='lat' dir='ltr'><strong>cornuum</strong></span> <span class='ocrx_word' id='word_1_160' title='bbox 1105 1996 1454 2050; x_wconf 85' lang='lat' dir='ltr'><strong>exustorum</strong></span> <span class='ocrx_word' id='word_1_161' title='bbox 1492 1989 1767 2050; x_wconf 87' lang='lat' dir='ltr'><strong>cocliaria</strong></span> <span class='ocrx_word' id='word_1_162' title='bbox 1805 1990 1920 2049; x_wconf 87' lang='lat' dir='ltr'><strong>tria</strong></span> <span class='ocrx_word' id='word_1_163' title='bbox 1956 1986 2254 2050; x_wconf 83' lang='lat' dir='ltr'><strong>cumulata</strong></span> 
     </span>
     <span class='ocr_line' id='line_1_22' title="bbox 137 2076 2254 2159; baseline 0 -23"><span class='ocrx_word' id='word_1_164' title='bbox 137 2095 190 2136; x_wconf 79' lang='lat'><strong>80</strong></span> <span class='ocrx_word' id='word_1_165' title='bbox 219 2079 371 2139; x_wconf 92' lang='lat' dir='ltr'><strong>satis</strong></span> <span class='ocrx_word' id='word_1_166' title='bbox 418 2077 626 2159; x_wconf 90' lang='lat' dir='ltr'><strong>ampla,</strong></span> <span class='ocrx_word' id='word_1_167' title='bbox 674 2076 892 2157; x_wconf 90' lang='lat' dir='ltr'><strong>quibus</strong></span> <span class='ocrx_word' id='word_1_168' title='bbox 927 2078 1171 2139; x_wconf 85' lang='lat' dir='ltr'><strong>misceri</strong></span> <span class='ocrx_word' id='word_1_169' title='bbox 1208 2076 1429 2139; x_wconf 88' lang='lat' dir='ltr'><strong>debent</strong></span> <span class='ocrx_word' id='word_1_170' title='bbox 1465 2080 1690 2157; x_wconf 85' lang='lat' dir='ltr'><strong>piperis</strong></span> <span class='ocrx_word' id='word_1_171' title='bbox 1727 2077 1846 2138; x_wconf 91' lang='lat' dir='ltr'><strong>albi</strong></span> <span class='ocrx_word' id='word_1_172' title='bbox 1881 2094 2063 2156; x_wconf 88' lang='lat' dir='ltr'><strong>grana</strong></span> <span class='ocrx_word' id='word_1_173' title='bbox 2095 2076 2254 2137; x_wconf 91' lang='lat' dir='ltr'>v1111</span> 
     </span>
     <span class='ocr_line' id='line_1_23' title="bbox 215 2165 2253 2248; baseline -0.001 -20"><span class='ocrx_word' id='word_1_174' title='bbox 215 2169 363 2228; x_wconf 91' lang='lat' dir='ltr'><strong>trita</strong></span> <span class='ocrx_word' id='word_1_175' title='bbox 409 2174 470 2227; x_wconf 91' lang='lat' dir='ltr'><strong>et</strong></span> <span class='ocrx_word' id='word_1_176' title='bbox 513 2184 747 2246; x_wconf 81' lang='lat' dir='ltr'><strong>myrrae</strong></span> <span class='ocrx_word' id='word_1_177' title='bbox 795 2168 1093 2248; x_wconf 87' lang='lat' dir='ltr'><strong>exiguum,</strong></span> <span class='ocrx_word' id='word_1_178' title='bbox 1140 2166 1299 2247; x_wconf 89' lang='lat' dir='ltr'><strong>quod</strong></span> <span class='ocrx_word' id='word_1_179' title='bbox 1346 2168 1592 2227; x_wconf 90' lang='lat' dir='ltr'><strong>odorem</strong></span> <span class='ocrx_word' id='word_1_180' title='bbox 1638 2165 2047 2228; x_wconf 91' lang='lat' dir='ltr'><strong>tantummodo</strong></span> <span class='ocrx_word' id='word_1_181' title='bbox 2085 2183 2253 2244; x_wconf 85' lang='lat' dir='ltr'><strong>prae-</strong></span> 
     </span>
    </p>
   </div>
   <div class='ocr_carea' id='block_1_6' title="bbox 2286 764 2321 813">
    <p class='ocr_par' dir='ltr' id='par_1_6' title="bbox 2286 764 2321 813">
     <span class='ocr_line' id='line_1_24' title="bbox 2286 764 2321 813; baseline 0 0"><span class='ocrx_word' id='word_1_182' title='bbox 2286 764 2321 813; x_wconf 82' lang='lat'>8</span> 
     </span>
    </p>
   </div>
   <div class='ocr_carea' id='block_1_7' title="bbox 216 2253 2324 2334">
    <p class='ocr_par' dir='ltr' id='par_1_7' title="bbox 216 2253 2324 2334">
     <span class='ocr_line' id='line_1_25' title="bbox 216 2253 2324 2334; baseline -0.001 -17"><span class='ocrx_word' id='word_1_183' title='bbox 216 2264 382 2317; x_wconf 89' lang='lat' dir='ltr'><strong>stare</strong></span> <span class='ocrx_word' id='word_1_184' title='bbox 435 2257 643 2334; x_wconf 86' lang='lat' dir='ltr'><strong>possit.</strong></span> <span class='ocrx_word' id='word_1_185' title='bbox 725 2253 886 2316; x_wconf 88' lang='lat' dir='ltr'><strong>Haec</strong></span> <span class='ocrx_word' id='word_1_186' title='bbox 939 2258 1003 2317; x_wconf 91' lang='lat' dir='ltr'><strong>in</strong></span> <span class='ocrx_word' id='word_1_187' title='bbox 1059 2273 1246 2316; x_wconf 91' lang='lat' dir='ltr'><strong>unum</strong></span> <span class='ocrx_word' id='word_1_188' title='bbox 1302 2258 1617 2316; x_wconf 88' lang='lat' dir='ltr'><strong>commixta</strong></span> <span class='ocrx_word' id='word_1_189' title='bbox 1673 2257 1737 2315; x_wconf 89' lang='lat' dir='ltr'><strong>in</strong></span> <span class='ocrx_word' id='word_1_190' title='bbox 1790 2256 2074 2317; x_wconf 86' lang='lat' dir='ltr'><strong>mortario</strong></span> <span class='ocrx_word' id='word_1_191' title='bbox 2122 2254 2252 2314; x_wconf 90' lang='lat' dir='ltr'><strong>dili-</strong></span> <span class='ocrx_word' id='word_1_192' title='bbox 2289 2266 2324 2315; x_wconf 84' lang='lat'>9</span> 
     </span>
    </p>
   </div>
   <div class='ocr_carea' id='block_1_8' title="bbox 139 2342 2261 3400">
    <p class='ocr_par' dir='ltr' id='par_1_8' title="bbox 139 2342 2261 3400">
     <span class='ocr_line' id='line_1_26' title="bbox 216 2342 2253 2424; baseline -0.001 -19"><span class='ocrx_word' id='word_1_193' title='bbox 216 2351 433 2424; x_wconf 86' lang='lat' dir='ltr'><strong>genter</strong></span> <span class='ocrx_word' id='word_1_194' title='bbox 479 2345 778 2422; x_wconf 88' lang='lat' dir='ltr'><strong>agitantur</strong></span> <span class='ocrx_word' id='word_1_195' title='bbox 823 2363 892 2405; x_wconf 93' lang='lat' dir='ltr'><strong>ac</strong></span> <span class='ocrx_word' id='word_1_196' title='bbox 937 2350 1234 2424; x_wconf 88' lang='lat' dir='ltr'><strong>teruntur,</strong></span> <span class='ocrx_word' id='word_1_197' title='bbox 1281 2343 1495 2405; x_wconf 89' lang='lat' dir='ltr'><strong>deinde</strong></span> <span class='ocrx_word' id='word_1_198' title='bbox 1543 2343 1740 2405; x_wconf 89' lang='lat' dir='ltr'><strong>coclea</strong></span> <span class='ocrx_word' id='word_1_199' title='bbox 1777 2361 1918 2404; x_wconf 89' lang='lat' dir='ltr'><strong>vera</strong></span> <span class='ocrx_word' id='word_1_200' title='bbox 1958 2342 2253 2422; x_wconf 82' lang='lat' dir='ltr'><strong>Africana,</strong></span> 
     </span>
     <span class='ocr_line' id='line_1_27' title="bbox 216 2431 2250 2513; baseline -0.001 -20"><span class='ocrx_word' id='word_1_201' title='bbox 216 2433 281 2494; x_wconf 89' lang='lat' dir='ltr'><strong>id</strong></span> <span class='ocrx_word' id='word_1_202' title='bbox 341 2440 435 2493; x_wconf 91' lang='lat' dir='ltr'><strong>est</strong></span> <span class='ocrx_word' id='word_1_203' title='bbox 485 2431 624 2492; x_wconf 89' lang='lat' dir='ltr'><strong>inde</strong></span> <span class='ocrx_word' id='word_1_204' title='bbox 680 2432 878 2513; x_wconf 90' lang='lat' dir='ltr'><strong>allata,</strong></span> <span class='ocrx_word' id='word_1_205' title='bbox 933 2434 1190 2493; x_wconf 88' lang='lat' dir='ltr'><strong>sumitur</strong></span> <span class='ocrx_word' id='word_1_206' title='bbox 1244 2451 1422 2512; x_wconf 89' lang='lat' dir='ltr'><strong>quam</strong></span> <span class='ocrx_word' id='word_1_207' title='bbox 1477 2432 1943 2493; x_wconf 88' lang='lat' dir='ltr'><strong>maculosissima</strong></span> <span class='ocrx_word' id='word_1_208' title='bbox 1999 2440 2061 2493; x_wconf 92' lang='lat' dir='ltr'><strong>et</strong></span> <span class='ocrx_word' id='word_1_209' title='bbox 2104 2434 2250 2512; x_wconf 85' lang='lat' dir='ltr'><strong>viva,</strong></span> 
     </span>
     <span class='ocr_line' id='line_1_28' title="bbox 139 2519 2256 2601; baseline 0.001 -24"><span class='ocrx_word' id='word_1_210' title='bbox 139 2538 191 2581; x_wconf 79' lang='lat'><strong>25</strong></span> <span class='ocrx_word' id='word_1_211' title='bbox 219 2525 274 2582; x_wconf 93' lang='lat' dir='ltr'><strong>si</strong></span> <span class='ocrx_word' id='word_1_212' title='bbox 322 2522 456 2581; x_wconf 90' lang='lat' dir='ltr'><strong>fieri</strong></span> <span class='ocrx_word' id='word_1_213' title='bbox 499 2528 714 2601; x_wconf 91' lang='lat' dir='ltr'><strong>potest,</strong></span> <span class='ocrx_word' id='word_1_214' title='bbox 761 2523 824 2581; x_wconf 92' lang='lat' dir='ltr'><strong>in</strong></span> <span class='ocrx_word' id='word_1_215' title='bbox 870 2520 983 2581; x_wconf 89' lang='lat' dir='ltr'><strong>alio</strong></span> <span class='ocrx_word' id='word_1_216' title='bbox 1031 2523 1316 2581; x_wconf 88' lang='lat' dir='ltr'><strong>mortario</strong></span> <span class='ocrx_word' id='word_1_217' title='bbox 1355 2539 1490 2582; x_wconf 90' lang='lat' dir='ltr'><strong>cum</strong></span> <span class='ocrx_word' id='word_1_218' title='bbox 1530 2539 1638 2581; x_wconf 89' lang='lat' dir='ltr'><strong>sua</strong></span> <span class='ocrx_word' id='word_1_219' title='bbox 1674 2528 1829 2581; x_wconf 88' lang='lat' dir='ltr'><strong>testa</strong></span> <span class='ocrx_word' id='word_1_220' title='bbox 1866 2519 2256 2582; x_wconf 88' lang='lat' dir='ltr'><strong>contunditur</strong></span> 
     </span>
     <span class='ocr_line' id='line_1_29' title="bbox 218 2607 2254 2691; baseline -0.001 -20"><span class='ocrx_word' id='word_1_221' title='bbox 218 2618 402 2690; x_wconf 89' lang='lat' dir='ltr'><strong>atque</strong></span> <span class='ocrx_word' id='word_1_222' title='bbox 457 2611 538 2670; x_wconf 87' lang='lat' dir='ltr'><strong>ita</strong></span> <span class='ocrx_word' id='word_1_223' title='bbox 596 2612 836 2691; x_wconf 90' lang='lat' dir='ltr'><strong>teritur,</strong></span> <span class='ocrx_word' id='word_1_224' title='bbox 893 2609 1083 2670; x_wconf 89' lang='lat' dir='ltr'><strong>donec</strong></span> <span class='ocrx_word' id='word_1_225' title='bbox 1138 2607 1369 2669; x_wconf 86' lang='lat' dir='ltr'><strong>nullum</strong></span> <span class='ocrx_word' id='word_1_226' title='bbox 1424 2610 1743 2686; x_wconf 86' lang='lat' dir='ltr'><strong>vestigium</strong></span> <span class='ocrx_word' id='word_1_227' title='bbox 1800 2616 1903 2670; x_wconf 89' lang='lat' dir='ltr'><strong>aut</strong></span> <span class='ocrx_word' id='word_1_228' title='bbox 1947 2607 2254 2688; x_wconf 87' lang='lat' dir='ltr'><strong>aspritudo</strong></span> 
     </span>
     <span class='ocr_line' id='line_1_30' title="bbox 219 2696 2255 2778; baseline -0.001 -18"><span class='ocrx_word' id='word_1_229' title='bbox 219 2704 505 2778; x_wconf 90' lang='lat' dir='ltr'><strong>appareat</strong></span> <span class='ocrx_word' id='word_1_230' title='bbox 550 2698 933 2778; x_wconf 82' lang='lat' dir='ltr'><strong>testularum3</strong></span> <span class='ocrx_word' id='word_1_231' title='bbox 988 2705 1196 2777; x_wconf 89' lang='lat' dir='ltr'><strong>postea</strong></span> <span class='ocrx_word' id='word_1_232' title='bbox 1239 2699 1363 2758; x_wconf 90' lang='lat' dir='ltr'><strong>vini</strong></span> <span class='ocrx_word' id='word_1_233' title='bbox 1408 2696 1645 2758; x_wconf 91' lang='lat' dir='ltr'><strong>Falerni</strong></span> <span class='ocrx_word' id='word_1_234' title='bbox 1690 2714 1813 2757; x_wconf 93' lang='lat' dir='ltr'><strong>non</strong></span> <span class='ocrx_word' id='word_1_235' title='bbox 1857 2699 2078 2758; x_wconf 87' lang='lat' dir='ltr'><strong>saccati</strong></span> <span class='ocrx_word' id='word_1_236' title='bbox 2123 2715 2255 2776; x_wconf 81' lang='lat' dir='ltr'><strong>cya-</strong></span> 
     </span>
     <span class='ocr_line' id='line_1_31' title="bbox 219 2786 2256 2867; baseline -0.003 -17"><span class='ocrx_word' id='word_1_237' title='bbox 219 2788 366 2850; x_wconf 90' lang='lat' dir='ltr'><strong>thus</strong></span> <span class='ocrx_word' id='word_1_238' title='bbox 414 2786 671 2847; x_wconf 86' lang='lat' dir='ltr'><strong>adicitur</strong></span> <span class='ocrx_word' id='word_1_239' title='bbox 725 2795 785 2847; x_wconf 90' lang='lat' dir='ltr'><strong>et</strong></span> <span class='ocrx_word' id='word_1_240' title='bbox 831 2787 1016 2848; x_wconf 89' lang='lat' dir='ltr'><strong>nihilo</strong></span> <span class='ocrx_word' id='word_1_241' title='bbox 1063 2789 1261 2848; x_wconf 89' lang='lat' dir='ltr'><strong>minus</strong></span> <span class='ocrx_word' id='word_1_242' title='bbox 1308 2804 1521 2848; x_wconf 89' lang='lat' dir='ltr'><strong>rursus</strong></span> <span class='ocrx_word' id='word_1_243' title='bbox 1567 2787 1813 2867; x_wconf 88' lang='lat' dir='ltr'><strong>teritur,</strong></span> <span class='ocrx_word' id='word_1_244' title='bbox 1862 2787 2050 2864; x_wconf 87' lang='lat' dir='ltr'><strong>magis</strong></span> <span class='ocrx_word' id='word_1_245' title='bbox 2097 2787 2256 2845; x_wconf 89' lang='lat' dir='ltr'><strong>enim</strong></span> 
     </span>
     <span class='ocr_line' id='line_1_32' title="bbox 220 2872 2257 2956; baseline -0.002 -19"><span class='ocrx_word' id='word_1_246' title='bbox 220 2885 370 2938; x_wconf 91' lang='lat' dir='ltr'><strong>tunc</strong></span> <span class='ocrx_word' id='word_1_247' title='bbox 427 2874 799 2954; x_wconf 88' lang='lat' dir='ltr'><strong>apparebunt</strong></span> <span class='ocrx_word' id='word_1_248' title='bbox 849 2875 1277 2956; x_wconf 87' lang='lat' dir='ltr'><strong>aspritudines,</strong></span> <span class='ocrx_word' id='word_1_249' title='bbox 1335 2878 1389 2935; x_wconf 91' lang='lat' dir='ltr'><strong>si</strong></span> <span class='ocrx_word' id='word_1_250' title='bbox 1435 2893 1585 2954; x_wconf 90' lang='lat' dir='ltr'><strong>quae</strong></span> <span class='ocrx_word' id='word_1_251' title='bbox 1632 2873 1980 2954; x_wconf 82' lang='lat' dir='ltr'><strong>residerint3</strong></span> <span class='ocrx_word' id='word_1_252' title='bbox 2037 2872 2257 2952; x_wconf 90' lang='lat' dir='ltr'><strong>quibus</strong></span> 
     </span>
     <span class='ocr_line' id='line_1_33' title="bbox 144 2961 2258 3043; baseline 0.001 -23"><span class='ocrx_word' id='word_1_253' title='bbox 144 2980 198 3021; x_wconf 79' lang='lat' dir='ltr'><strong>so</strong></span> <span class='ocrx_word' id='word_1_254' title='bbox 223 2966 435 3026; x_wconf 89' lang='lat' dir='ltr'><strong>levatis</strong></span> <span class='ocrx_word' id='word_1_255' title='bbox 473 2966 693 3025; x_wconf 90' lang='lat' dir='ltr'><strong>iterum</strong></span> <span class='ocrx_word' id='word_1_256' title='bbox 732 2965 1073 3025; x_wconf 87' lang='lat' dir='ltr'><strong>adiciuntur</strong></span> <span class='ocrx_word' id='word_1_257' title='bbox 1110 2965 1228 3025; x_wconf 89' lang='lat' dir='ltr'><strong>duo</strong></span> <span class='ocrx_word' id='word_1_258' title='bbox 1267 2962 1466 3043; x_wconf 82' lang='lat' dir='ltr'><strong>cyathi</strong></span> <span class='ocrx_word' id='word_1_259' title='bbox 1504 2961 1770 3024; x_wconf 89' lang='lat' dir='ltr'><strong>eiusdem</strong></span> <span class='ocrx_word' id='word_1_260' title='bbox 1806 2964 1930 3023; x_wconf 84' lang='lat' dir='ltr'><strong>vini</strong></span> <span class='ocrx_word' id='word_1_261' title='bbox 1966 2968 2142 3041; x_wconf 87' lang='lat' dir='ltr'><strong>atque</strong></span> <span class='ocrx_word' id='word_1_262' title='bbox 2175 2962 2258 3022; x_wconf 87' lang='lat' dir='ltr'><strong>ita</strong></span> 
     </span>
     <span class='ocr_line' id='line_1_34' title="bbox 225 3051 2259 3133; baseline -0.002 -18"><span class='ocrx_word' id='word_1_263' title='bbox 225 3072 366 3115; x_wconf 89' lang='lat' dir='ltr'><strong>cum</strong></span> <span class='ocrx_word' id='word_1_264' title='bbox 412 3055 614 3133; x_wconf 88' lang='lat' dir='ltr'><strong>priore</strong></span> <span class='ocrx_word' id='word_1_265' title='bbox 661 3055 1090 3132; x_wconf 86' lang='lat' dir='ltr'><strong>compositione</strong></span> <span class='ocrx_word' id='word_1_266' title='bbox 1137 3052 1291 3113; x_wconf 89' lang='lat' dir='ltr'><strong>bene</strong></span> <span class='ocrx_word' id='word_1_267' title='bbox 1339 3051 1766 3133; x_wconf 87' lang='lat' dir='ltr'><strong>admiscentur,</strong></span> <span class='ocrx_word' id='word_1_268' title='bbox 1814 3059 2020 3131; x_wconf 88' lang='lat' dir='ltr'><strong>postea</strong></span> <span class='ocrx_word' id='word_1_269' title='bbox 2067 3058 2259 3112; x_wconf 88' lang='lat' dir='ltr'><strong>trans-</strong></span> 
     </span>
     <span class='ocr_line' id='line_1_35' title="bbox 223 3140 2261 3221; baseline -0.001 -19"><span class='ocrx_word' id='word_1_270' title='bbox 223 3141 563 3204; x_wconf 88' lang='lat' dir='ltr'><strong>funduntur</strong></span> <span class='ocrx_word' id='word_1_271' title='bbox 619 3160 770 3221; x_wconf 88' lang='lat' dir='ltr'><strong>quae</strong></span> <span class='ocrx_word' id='word_1_272' title='bbox 824 3150 965 3203; x_wconf 93' lang='lat' dir='ltr'><strong>sunt</strong></span> <span class='ocrx_word' id='word_1_273' title='bbox 1009 3145 1074 3202; x_wconf 91' lang='lat' dir='ltr'><strong>in</strong></span> <span class='ocrx_word' id='word_1_274' title='bbox 1120 3142 1405 3202; x_wconf 89' lang='lat' dir='ltr'><strong>mortario</strong></span> <span class='ocrx_word' id='word_1_275' title='bbox 1451 3142 1514 3201; x_wconf 89' lang='lat' dir='ltr'><strong>in</strong></span> <span class='ocrx_word' id='word_1_276' title='bbox 1560 3140 1805 3201; x_wconf 90' lang='lat' dir='ltr'><strong>calicem</strong></span> <span class='ocrx_word' id='word_1_277' title='bbox 1851 3158 2097 3221; x_wconf 92' lang='lat' dir='ltr'><strong>novum,</strong></span> <span class='ocrx_word' id='word_1_278' title='bbox 2156 3142 2261 3219; x_wconf 89' lang='lat' dir='ltr'><strong>qui</strong></span> 
     </span>
     <span class='ocr_line' id='line_1_36' title="bbox 226 3228 2259 3311; baseline -0.001 -20"><span class='ocrx_word' id='word_1_279' title='bbox 226 3230 380 3292; x_wconf 83' lang='lat' dir='ltr'><strong>calix</strong></span> <span class='ocrx_word' id='word_1_280' title='bbox 420 3248 602 3309; x_wconf 88' lang='lat' dir='ltr'><strong>super</strong></span> <span class='ocrx_word' id='word_1_281' title='bbox 638 3229 797 3291; x_wconf 91' lang='lat' dir='ltr'><strong>aliud</strong></span> <span class='ocrx_word' id='word_1_282' title='bbox 834 3249 938 3291; x_wconf 89' lang='lat' dir='ltr'><strong>vas</strong></span> <span class='ocrx_word' id='word_1_283' title='bbox 973 3232 1219 3311; x_wconf 87' lang='lat' dir='ltr'><strong>ponitur</strong></span> <span class='ocrx_word' id='word_1_284' title='bbox 1255 3229 1330 3290; x_wconf 90' lang='lat' dir='ltr'><strong>ad</strong></span> <span class='ocrx_word' id='word_1_285' title='bbox 1368 3228 1656 3290; x_wconf 88' lang='lat' dir='ltr'><strong>carbones</strong></span> <span class='ocrx_word' id='word_1_286' title='bbox 1695 3236 1757 3289; x_wconf 88' lang='lat' dir='ltr'><strong>et</strong></span> <span class='ocrx_word' id='word_1_287' title='bbox 1785 3229 2031 3289; x_wconf 89' lang='lat' dir='ltr'><strong>adsidue</strong></span> <span class='ocrx_word' id='word_1_288' title='bbox 2060 3245 2259 3288; x_wconf 90' lang='lat' dir='ltr'><strong>move-</strong></span> 
     </span>
     <span class='ocr_line' id='line_1_37' title="bbox 225 3316 2261 3400; baseline -0.002 -19"><span class='ocrx_word' id='word_1_289' title='bbox 225 3328 330 3381; x_wconf 88' lang='lat' dir='ltr'><strong>tur</strong></span> <span class='ocrx_word' id='word_1_290' title='bbox 377 3319 654 3385; x_wconf 88' lang='lat' dir='ltr'><strong>cocliario</strong></span> <span class='ocrx_word' id='word_1_291' title='bbox 701 3318 924 3400; x_wconf 88' lang='lat' dir='ltr'><strong>liquor,</strong></span> <span class='ocrx_word' id='word_1_292' title='bbox 981 3338 1057 3380; x_wconf 90' lang='lat' dir='ltr'><strong>ne</strong></span> <span class='ocrx_word' id='word_1_293' title='bbox 1105 3318 1248 3399; x_wconf 90' lang='lat' dir='ltr'><strong>quid</strong></span> <span class='ocrx_word' id='word_1_294' title='bbox 1295 3318 1565 3380; x_wconf 88' lang='lat' dir='ltr'><strong>subsidat</strong></span> <span class='ocrx_word' id='word_1_295' title='bbox 1609 3326 1712 3379; x_wconf 91' lang='lat' dir='ltr'><strong>aut</strong></span> <span class='ocrx_word' id='word_1_296' title='bbox 1756 3324 2106 3398; x_wconf 85' lang='lat' dir='ltr'><strong>peruratur3</strong></span> <span class='ocrx_word' id='word_1_297' title='bbox 2153 3316 2261 3377; x_wconf 89' lang='lat' dir='ltr'><strong>ubi</strong></span> 
     </span>
    </p>
   </div>
   <div class='ocr_carea' id='block_1_9' title="bbox 230 3520 2261 3666">
    <p class='ocr_par' dir='ltr' id='par_1_9' title="bbox 230 3520 2261 3666">
     <span class='ocr_line' id='line_1_38' title="bbox 232 3520 2261 3595; baseline -0.002 -15"><span class='ocrx_word' id='word_1_298' title='bbox 232 3569 235 3572; x_wconf 93' lang='lat'>.</span> <span class='ocrx_word' id='word_1_299' title='bbox 409 3531 441 3579; x_wconf 86' lang='lat'>9</span> <span class='ocrx_word' id='word_1_300' title='bbox 478 3525 726 3595; x_wconf 81' lang='lat' dir='ltr'><strong>ignotus.</strong></span> <span class='ocrx_word' id='word_1_301' title='bbox 859 3530 923 3579; x_wconf 79' lang='lat'><strong>12</strong></span> <span class='ocrx_word' id='word_1_302' title='bbox 961 3525 1142 3581; x_wconf 76' lang='lat' dir='ltr'><strong>taleas</strong></span> <span class='ocrx_word' id='word_1_303' title='bbox 1179 3542 1206 3579; x_wconf 84' lang='lat' dir='ltr'><strong>e</strong></span> <span class='ocrx_word' id='word_1_304' title='bbox 1243 3525 1523 3581; x_wconf 78' lang='lat' dir='ltr'><strong>Scribon..·</strong></span> <span class='ocrx_word' id='word_1_305' title='bbox 1560 3523 1805 3579; x_wconf 78' lang='lat' dir='ltr'><strong>tabulas.</strong></span> <span class='ocrx_word' id='word_1_306' title='bbox 1918 3527 1986 3576; x_wconf 82' lang='lat'><strong>14</strong></span> <span class='ocrx_word' id='word_1_307' title='bbox 2023 3520 2261 3577; x_wconf 85' lang='lat' dir='ltr'><strong>circum-</strong></span> 
     </span>
     <span class='ocr_line' id='line_1_39' title="bbox 230 3593 2000 3666; baseline -0.003 -14"><span class='ocrx_word' id='word_1_308' title='bbox 230 3598 381 3653; x_wconf 76' lang='lat' dir='ltr'><strong>dato.</strong></span> <span class='ocrx_word' id='word_1_309' title='bbox 530 3599 595 3651; x_wconf 80' lang='lat'><strong>17</strong></span> <span class='ocrx_word' id='word_1_310' title='bbox 631 3597 885 3665; x_wconf 76' lang='lat' dir='ltr'><strong>puturus.</strong></span> <span class='ocrx_word' id='word_1_311' title='bbox 1032 3601 1098 3651; x_wconf 80' lang='lat'><strong>21</strong></span> <span class='ocrx_word' id='word_1_312' title='bbox 1139 3595 1434 3666; x_wconf 77' lang='lat' dir='ltr'><strong>praestari.</strong></span> <span class='ocrx_word' id='word_1_313' title='bbox 1581 3599 1651 3648; x_wconf 79' lang='lat'><strong>32</strong></span> <span class='ocrx_word' id='word_1_314' title='bbox 1689 3594 1813 3666; x_wconf 85' lang='lat' dir='ltr'><strong>qui]</strong></span> <span class='ocrx_word' id='word_1_315' title='bbox 1854 3593 2000 3661; x_wconf 82' lang='lat' dir='ltr'><strong>quia.</strong></span> 
     </span>
    </p>
   </div>
   <div class='ocr_carea' id='block_1_10' title="bbox 336 3684 1942 3749">
    <p class='ocr_par' dir='ltr' id='par_1_10' title="bbox 336 3684 1942 3749">
     <span class='ocr_line' id='line_1_40' title="bbox 336 3684 1942 3749; baseline -0.002 -13"><span class='ocrx_word' id='word_1_316' title='bbox 336 3695 660 3749; x_wconf 62' lang='lat' dir='ltr'><strong>macutus,</strong></span> <span class='ocrx_word' id='word_1_317' title='bbox 685 3705 764 3737; x_wconf 74' lang='lat' dir='ltr'><strong>nn.</strong></span> <span class='ocrx_word' id='word_1_318' title='bbox 792 3696 1102 3736; x_wconf 73' lang='lat' dir='ltr'><strong>fflnunzron.</strong></span> <span class='ocrx_word' id='word_1_319' title='bbox 1873 3684 1942 3734; x_wconf 80' lang='lat'><strong>20</strong></span> 
     </span>
    </p>
   </div>
  </div>
 </body>
</html>
