2575 4092
1100 274 1176 286 —
1272 237 1583 303 264—

215 418 285 469 85
500 402 869 483 Ungularum
906 419 1269 483 aprunarum
1309 408 1653 462 exustarum
1690 402 1841 462 cinis
1869 403 2098 480 potioni
2124 404 2364 482 insper-

216 509 284 558 86
324 512 429 556 sus
472 493 798 574 plurimum
846 494 1053 553 urinae
1092 489 1473 552 difficultates
1510 492 1689 551 iuvat.
1753 489 2002 569 Leporis
2037 490 2364 553 cerebrum

324 584 386 644 in
435 584 572 644 vino
630 581 858 643 utiliter
903 579 1133 642 bibitur
1179 582 1430 659 eiusque
1474 578 1739 640 testiculi
1785 581 1988 641 testati
2034 578 2364 642 salubriter

217 686 285 735 87
321 671 759 734 manducantur
805 668 878 731 ab
926 688 1016 752 eo,
1063 671 1168 749 qui
1213 670 1476 731 vessicae
1521 667 1812 730 molestiis
1849 667 2094 730 laborat.
2167 669 2361 731 Anse-

321 779 457 822 rum
494 759 858 821 silvestrium
894 759 1131 839 linguae
1168 765 1396 819 assatae
1425 757 1751 818 efficaciter
1778 765 2099 819 sumuntur
2125 759 2191 819 in
2219 758 2358 820 cibo
2387 774 2417 816 5

213 862 284 914 88
323 869 357 911 a
403 849 732 911 calculosis.
806 847 1038 929 Cymini
1086 880 1165 893 —
1205 846 1252 930 I,
1298 854 1467 908 rutae
1505 879 1590 890 —
1654 893 1673 927 ,
1716 849 1941 927 piperis
1988 849 2359 909 semunciam

324 947 484 1000 teres
532 938 847 1018 diligenter
894 945 955 999 et
999 935 1267 998 cocleare
1313 935 1559 1015 plenum
1602 937 1667 996 in
1712 938 1866 998 meri
1907 938 2125 997 veteris
2163 938 2356 1016 potio·
2461 995 2476 1008 ,

325 1046 461 1090 nem
517 1030 720 1090 mittes
775 1035 836 1087 et
881 1043 1068 1107 aquae
1125 1024 1285 1104 quod
1333 1024 1591 1086 sufficiat
1637 1024 1885 1105 adicies3
1939 1032 2146 1105 postea
2191 1026 2357 1086 ferro

325 1116 603 1179 candenti
661 1116 898 1194 saepius
951 1117 1216 1176 inmerso
1272 1112 1583 1175 calefacies
1646 1121 1708 1175 et
1769 1116 1972 1175 ieiuno
2026 1112 2360 1176 bibendum

214 1218 284 1268 89
323 1204 508 1286 dabis,
545 1205 957 1266 efficacissime
994 1201 1315 1265 subvenies
1353 1203 1691 1282 strangurio
1721 1202 2029 1265 laboranti.
2096 1203 2359 1283 Spongia
2390 1220 2443 1260 10

323 1313 396 1355 ex
461 1292 613 1354 rubo
680 1295 908 1353 rosario
965 1293 1188 1372 agresti
1244 1299 1481 1371 sumpta
1536 1299 1598 1353 et
1652 1309 1805 1372 aqua
1859 1292 2099 1373 frigida,
2164 1293 2359 1354 donec

321 1382 639 1464 madescat,
676 1389 970 1443 macerata
1009 1398 1077 1442 ac
1115 1381 1332 1442 deinde
1368 1383 1509 1443 trita
1548 1387 1611 1441 et
1645 1399 1718 1442 ex
1757 1399 1907 1461 aqua
1936 1399 2048 1460 per
2085 1383 2357 1444 triduum

214 1485 283 1533 90
321 1473 491 1552 potui
547 1472 681 1533 data
736 1471 1062 1534 efficaciter
1118 1469 1449 1532 calculosos
1496 1469 1787 1531 emendat.
1876 1470 2068 1532 Piscis
2115 1473 2355 1550 scorpio

213 1573 281 1622 91
322 1569 553 1623 assatus
589 1563 653 1623 in
691 1559 826 1621 cibo
865 1567 1140 1640 sumptus
1178 1560 1402 1639 optime
1440 1557 1736 1621 calculoso
1774 1558 2035 1639 prodest.
2104 1559 2354 1621 Cocleae

319 1653 554 1731 inaneS,
610 1649 670 1710 id
726 1657 818 1711 est
873 1652 1003 1710 sine
1060 1666 1238 1710 carne
1296 1666 1431 1729 sua,
1492 1649 1769 1709 inventae
1826 1656 2108 1710 contusae
2176 1658 2238 1711 et
2292 1652 2358 1710 in
2387 1665 2437 1706 ιε

321 1738 627 1818 pulverem
674 1740 1095 1800 tenuissimum
1138 1738 1414 1798 redactae
1451 1738 1514 1797 in
1550 1738 1791 1816 potione
1831 1736 2144 1799 calculosis
2182 1739 2356 1800 datae

215 1825 284 1888 9³2
322 1827 656 1889 medentur.
739 1826 1007 1907 Ungulae
1065 1828 1317 1907 equinae
1375 1824 1614 1886 scobem
1662 1825 1755 1886 vel
1800 1834 2043 1888 exustae
2090 1830 2359 1889 cinerem

214 1928 281 1977 93
324 1918 376 1979 si
422 1916 758 1978 calculosus
803 1918 865 1977 in
911 1917 1214 1995 potionem
1252 1916 1570 1994 acceperit,
1608 1916 1727 1975 cito
1766 1913 2091 1978 sanabitur.
2154 1916 2356 1978 Herba

321 2006 638 2087 saxifraga,
697 2007 749 2068 si
795 2024 867 2067 ex
916 2005 1045 2066 oleo
1094 2013 1154 2067 et
1201 2004 1523 2084 liquamine
1568 2003 1990 2086 manducetur,
2045 2007 2204 2067 intra
2250 2009 2355 2067 tri-

320 2095 506 2156 duum
552 2093 811 2156 calculos
857 2094 1156 2155 dissolvet.
2383 2110 2437 2150 so

210 2194 282 2243 94
499 2181 824 2244 Calculosis
861 2190 1146 2261 expertus
1183 2181 1456 2243 adfirmat
1491 2181 1924 2244 incredibiliter
1956 2185 2235 2244 succurri
2262 2202 2356 2245 re·

318 2270 514 2332 medio
560 2270 681 2352 tali,
729 2273 782 2332 si
825 2270 1080 2352 hircum,
1125 2269 1341 2331 melius
1387 2272 1440 2331 si
1485 2278 1800 2351 agrestem,
1846 2269 2061 2333 melius
2100 2274 2151 2335 si
2188 2275 2357 2333 anni·

319 2359 522 2421 culum
577 2371 638 2421 et
695 2362 747 2421 si
800 2377 1005 2421 mense
1059 2358 1330 2437 Augusto
1387 2357 1628 2420 claudas
1680 2359 1813 2420 loco
1869 2362 2029 2422 sicco
2085 2378 2197 2440 per
2248 2364 2356 2422 tri·

318 2449 529 2530 duum,
586 2456 654 2510 ut
709 2451 766 2512 ei
821 2448 976 2510 solas
1029 2439 1233 2510 laurus
1274 2447 1542 2510 >edendas
1588 2447 2011 2510 subministres
2057 2459 2117 2510 et
2164 2468 2354 2530 aquae

316 2538 464 2599 nihil
518 2540 794 2620 accipiat3
850 2538 924 2599 ad
977 2545 1349 2617 postremum
1395 2539 1575 2599 tertio
1623 2537 1746 2617 die,
1801 2538 1864 2600 id
1910 2547 2002 2601 est
2047 2546 2151 2600 aut
2194 2538 2355 2601 Iovis
2382 2551 2433 2593 2⁶

316 2636 420 2688 aut
468 2627 642 2709 Solis,
688 2628 940 2689 occidaS.
1004 2625 1219 2688 Melius
1265 2633 1466 2687 autem
1512 2627 1643 2701 erit,
1692 2628 1745 2687 si
1791 2634 1994 2688 castus
2037 2646 2354 2709 purusque

322 2717 503 2778 suerit
556 2724 615 2777 et
674 2718 779 2796 qui
833 2715 1053 2778 occidit
1098 2723 1159 2777 et
1205 2718 1310 2795 qui
1356 2716 1609 2794 accipiet
1653 2716 2001 2778 remedium.
2092 2716 2354 2780 Exsecto

319 2807 500 2884 igitur
557 2813 801 2886 gutture
859 2808 991 2867 eius
1047 2806 1287 2883 sanguis
1343 2805 1669 2886 excipitur3
1733 2804 1966 2886 utiliuS,
2024 2807 2079 2867 si
2132 2805 2206 2867 ab
2264 2809 2354 2868 in-

316 2894 583 2957 vestibus
637 2896 843 2975 pueris
899 2895 1255 2975 excipiatur3
1313 2892 1689 2954 comburitur
1742 2896 1806 2954 in
1851 2912 1990 2956 vaso
2037 2895 2208 2956 fictili
2254 2915 2352 2957 us·

319 3003 434 3063 que
472 2983 546 3045 ad
584 2986 866 3045 cinerem.
935 2981 1049 3043 Vas
1087 2989 1304 3063 autem,
1349 2984 1412 3042 in
1450 3000 1569 3061 quo
1608 2982 1954 3058 torrebitur,
2000 2993 2352 3063 coopertum
2378 2996 2430 3037 ω

318 3080 379 3133 et
432 3072 666 3134 inlitum
723 3090 907 3152 gypso
962 3073 1026 3132 in
1085 3071 1329 3132 furnum
1385 3072 1686 3152 mittetur3
1738 3071 1899 3151 quod
1945 3090 2083 3134 cum
2129 3092 2351 3153 vapore

315 3163 628 3243 exemeriS,
674 3163 736 3222 in
782 3160 1089 3241 pulverem
1135 3167 1412 3222 conteres
1457 3177 1693 3221 necnon
1739 3167 1803 3221 et
1845 3160 2127 3240 polypum
2174 3166 2353 3224 mari·

316 3270 461 3313 num
524 3251 874 3332 identidem,
939 3257 1007 3311 ut
1062 3248 1209 3330 dixi,
1276 3256 1552 3310 exustum
1612 3251 1676 3311 in
1730 3248 2038 3328 pulverem
2092 3252 2351 3331 rediges.

494 3413 526 3462 2
564 3404 780 3461 iuvant.
871 3409 902 3458 3
943 3403 1151 3459 eiusne.
1252 3407 1320 3456 10
1349 3401 1678 3471 stranguria.
1715 3400 2034 3460 Corum-ius.
2145 3405 2350 3474 sphon-

316 3474 462 3544 giae.
611 3482 676 3530 12
713 3473 964 3531 tridium.
1114 3477 1180 3528 15
1218 3488 1353 3528 casu
1390 3473 1520 3529 add.
1558 3477 1685 3529 ante
1720 3473 1984 3530 inventae
2023 3474 2347 3534 comorius.

320 3550 386 3600 18
425 3546 750 3604 calculosos.
943 3551 1012 3600 20
1050 3544 1325 3601 dissolvet
1358 3545 1584 3613 scripsi.-
1621 3546 1884 3601 assolvet.
2076 3551 2142 3600 21
2184 3547 2351 3601 adfir-

314 3615 528 3672 mirfat.
674 3623 741 3672 22
780 3616 1121 3686 agniculum.
1269 3620 1334 3669 31
1375 3613 1574 3685 vapori
1614 3614 1932 3674 G'ornarius.
