2575 4092
1011 220 1085 229 -
1182 184 1491 250 285-—

227 364 364 407 rum
419 344 652 405 vitellos
696 353 821 406 tres
865 347 929 405 in
976 364 1160 407 unum
1206 346 1597 425 permiscebis
1644 346 1938 428 simulque
1986 355 2104 408 tam
2150 345 2253 407 diu

227 443 421 514 tere8‚
477 433 666 494 donec
720 433 793 494 ad
849 433 1308 496 crassitudinem
1362 435 1556 496 mellis
1601 435 1885 517 adducas;
1931 434 2144 497 deinde
2189 437 2252 495 in

226 521 505 603 pyxidem
565 521 786 583 condes
841 530 1019 602 atque
1075 541 1147 583 ex
1203 541 1300 604 ea,
1364 542 1503 585 cum
1558 542 1709 603 opus
1765 525 1973 604 suerit,
2032 523 2252 604 cyliaco

230 613 407 672 nucis
462 609 756 671 avellanae
814 612 1220 691 magnitudine
1276 630 1350 673 ex
1404 614 1566 693 vino,
1621 615 1675 673 si
1730 615 1859 673 sine
1910 613 2077 674 febre
2123 614 2257 692 erit,

171 720 201 762 5
230 701 283 760 si
344 697 730 779 febricitabit‚
795 718 869 759 ex
923 717 1074 779 aqua
1130 699 1318 761 calida
1382 700 1577 782 dahis3
1642 703 1791 762 mire
1858 701 2254 780 celeriterque

171 836 189 884 l
228 786 567 849 subvenies.

410 875 530 937 Ova
577 874 995 955 decoquuntur
1039 894 1114 937 ex
1159 884 1347 958 aceto,
1393 876 1583 939 donec
1629 876 2032 959 indurescant,
2078 883 2140 938 et
2173 879 2254 938 vi-
2297 887 2362 937 77

229 963 358 1025 telli
414 981 621 1024 eorum
677 967 880 1025 tostati
939 982 1077 1026 cum
1135 967 1344 1046 pipere
1392 968 1522 1027 esui
1568 966 1791 1046 cyliaco
1838 965 2082 1048 dantur,
2137 967 2257 1026 cito

229 1052 565 1113 medentur.
649 1052 870 1114 Caseus
927 1053 1139 1114 ovillus
1196 1060 1471 1115 vetustus
1525 1056 1589 1115 in
1644 1053 1779 1116 cibo
1835 1061 2110 1134 sumptus
2164 1052 2259 1114 vel
2296 1064 2363 1114 ’18

146 1163 204 1203 10
231 1158 407 1202 rasus
464 1148 525 1201 et
578 1159 716 1202 cum
771 1143 907 1201 vino
962 1149 1140 1220 potus
1187 1141 1408 1222 cyliaco
1454 1142 1746 1206 medetur.
1828 1143 2073 1205 Cocleae
2120 1140 2257 1203 cum
2296 1151 2363 1201 ’19

229 1230 408 1291 testis
454 1231 580 1289 suis
622 1232 912 1290 contritae
959 1229 1108 1291 duae
1148 1238 1208 1291 et
1244 1249 1352 1291 ova
1389 1232 1574 1292 cruda
1612 1231 1730 1293 duo
1769 1240 1829 1293 et
1866 1233 2026 1312 passi
2062 1230 2259 1311 cyathi

229 1318 373 1399 duo,
410 1336 595 1397 aquae
633 1318 828 1397 cyathi
864 1326 1008 1400 tres,
1046 1318 1222 1392 simul
1258 1321 1551 1398 permixta
1587 1322 1784 1381 omnia
1821 1339 1888 1382 ac
1926 1319 2031 1381 diu
2067 1320 2257 1399 coagi-

229 1414 357 1470 tata
403 1414 460 1466 et
508 1410 572 1466 in
614 1425 755 1466 vaso
801 1406 970 1467 fictili
1015 1407 1294 1468 calefacta
1341 1408 1414 1468 ad
1460 1407 1700 1468 modum
1742 1411 2002 1487 potionis
2039 1407 2259 1487 cyliaco

231 1495 374 1555 data
417 1494 750 1555 medentur.
820 1494 1128 1575 Serpentis
1176 1498 1420 1556 exuviae
1458 1514 1594 1556 cum
1633 1514 1878 1557 rosaceo
1916 1495 2258 1575 decoquun-
2297 1505 2366 1554 8ο

145 1603 203 1645 15
231 1591 339 1644 tur
382 1585 445 1643 in
490 1599 629 1643 vaso
676 1592 921 1661 stagneo
968 1591 1029 1644 et
1072 1590 1280 1662 postea
1325 1586 1500 1646 tritae
1550 1586 1742 1646 ventri
1786 1584 1995 1664 cyliani
2030 1582 2259 1644 utiliter

229 1671 585 1732 inlinuntur.

415 1758 503 1819 Ad
550 1778 756 1821 omnes
803 1761 1059 1839 episoras
1105 1762 1333 1821 ventris
1379 1779 1620 1822 caseum
1665 1762 1973 1821 vaccinum
2023 1757 2261 1821 mollem
2300 1770 2362 1819 81

233 1847 495 1909 calidum
540 1849 746 1927 inponi
790 1856 1043 1928 oportet,
1090 1866 1208 1926 quo
1255 1855 1524 1927 tempore
1571 1848 1949 1928 dysintericis
1989 1849 2263 1927 potiones

234 1936 400 1996 ferro
447 1935 728 1997 candenti
772 1937 1083 1998 calefactas
1130 1937 1258 1997 dari
1295 1939 1586 1998 convenit.
1661 1936 1806 1998 Glus
1842 1939 2075 1999 taurina
2114 1953 2265 2016 aqua
2301 1946 2369 1996 82

34 2099 37 2100 ⁷
149 2046 206 2086 20
238 2023 432 2086 calida
487 2024 748 2085 resoluta
803 2025 1011 2105 cyliaci
1055 2026 1281 2087 ventris
1328 2024 1621 2087 inflationi
1666 2025 1894 2087 utiliter
1939 2026 2264 2103 inponitur.

34 2127 35 2140 ¹
417 2112 840 2174 Gravissimum
885 2115 1110 2174 ventris
1155 2115 1366 2175 vitium
1413 2122 1505 2175 est
1558 2113 1735 2196 ileos,
1790 2116 1889 2175 cui
1942 2114 2264 2182 maximum
2303 2122 2371 2172 83

235 2201 573 2262 remedium
610 2209 702 2262 est
737 2202 1025 2282 discerpti
1060 2201 1498 2281 vespertilionis
1532 2204 1773 2282 sanguis
1809 2202 2015 2264 inlitus
2054 2203 2265 2263 ventri.

415 2289 924 2368 Frequentissime
980 2293 1203 2371 evenit,
1256 2298 1324 2352 ut
1377 2309 1449 2351 ex
1496 2290 1760 2371 qualibet
1805 2308 1984 2352 causa
2030 2288 2266 2351 subitus
2303 2300 2374 2349 84

238 2378 410 2438 dolor
453 2380 682 2439 ventris
721 2379 992 2460 exsistat3
1039 2379 1144 2439 sed
1182 2381 1285 2458 qui
1322 2378 1504 2439 talum
1542 2379 1765 2458 leporis
1802 2397 2007 2440 secum
2044 2377 2264 2439 habue-

149 2485 208 2527 25
238 2468 336 2547 rit,
372 2466 717 2527 huiusmodi
753 2485 975 2546 casum,
1011 2467 1073 2527 id
1107 2474 1199 2527 est
1227 2465 1492 2527 subitum
1522 2467 1787 2527 dolorem
1814 2469 2060 2548 ventriS‚
2097 2483 2266 2526 num-

240 2573 418 2634 quam
464 2556 749 2615 incurret.
830 2554 1218 2634 Dysintericis
1262 2554 1538 2615 medetur
1582 2573 1751 2636 aqua,
1797 2557 1861 2615 in
1899 2573 2013 2634 qua
2050 2553 2268 2633 pilulae
2305 2563 2372 2613 85

238 2645 514 2722 cupressi
559 2642 837 2704 decoctae
883 2644 1125 2723 fuerint,
1171 2660 1310 2704 cum
1355 2644 1491 2704 vino
1537 2650 1776 2704 austero
1814 2651 2005 2721 epota.
2082 2642 2268 2723 Aqua,
2306 2651 2374 2701 86

238 2733 301 2791 in
351 2749 469 2811 qua
512 2731 667 2791 lauri
711 2731 850 2792 folia
894 2731 1119 2792 fuerint
1164 2730 1427 2813 decocta,
1472 2734 1641 2809 potui
1686 2738 1924 2810 sumpta
1959 2732 2266 2791 intestino-

239 2838 376 2881 rum
424 2818 729 2880 doloribus
775 2820 1064 2881 medetur.

154 2927 213 2968 so
421 2907 511 2968 Ad
565 2907 921 2987 profluvium
977 2915 1037 2968 et
1090 2909 1584 2980 incontinentiam
1647 2909 1873 2969 ventris
1936 2904 2270 2967 remedium
2307 2916 2373 2965 87

244 2998 356 3057 sic:
404 2994 593 3056 Malva
638 2997 1025 3057 circumfossa
1071 2996 1250 3076 ferro,
1300 2996 1458 3075 quod
1505 3014 1574 3056 ex
1623 3003 1876 3076 utraque
1922 3002 2091 3075 parte
2133 3013 2268 3057 acu-

242 3093 365 3146 tam
411 3085 602 3145 aciem
645 3084 885 3165 haheat,
940 3091 1000 3144 et
1053 3086 1323 3163 praecisa
1373 3103 1407 3144 a
1453 3086 1761 3163 superiore
1807 3085 1881 3145 ad
1925 3084 2272 3145 inferiorem

242 3180 504 3253 partem,
560 3172 622 3232 id
678 3181 771 3233 est
825 3190 1015 3252 usque
1072 3172 1145 3233 ad
1202 3172 1488 3253 radicem,
1534 3172 1747 3234 deinde
1795 3173 1962 3233 radix
2009 3175 2139 3232 eius
2184 3174 2271 3232 in·

428 3331 459 3379 1
496 3324 738 3380 vitellus.
848 3324 1213 3395 permiscebis
1250 3324 1591 3394 Stephanus.-
1626 3322 1947 3395 permisces.
2058 3329 2090 3378 3
2128 3321 2271 3393 pixi-

246 3397 394 3452 dem.
599 3401 635 3450 4
671 3395 980 3451 abellanae.
1180 3400 1212 3450 8
1247 3396 1387 3452 tosti
1427 3396 1747 3451 Coo-narius.
1929 3400 1961 3450 9
2000 3395 2270 3464 sumptos.

247 3473 317 3522 20
353 3463 635 3522 inflationi
670 3468 870 3537 scripsi
878 3488 897 3521 .·
931 3465 1237 3522 inflatione.
1365 3473 1433 3521 23
1473 3466 1703 3521 subitos.
1830 3470 1899 3521 26
1937 3464 2273 3535 dysintheri-

248 3538 345 3592 cis.
495 3543 564 3592 27
603 3538 794 3609 epota]
833 3539 918 3592 est
952 3539 1106 3608 pota.
1252 3543 1322 3593 32
1358 3538 1686 3606 praecisam.
