2575 4092
1116 232 1560 296 -70-

213 407 282 457 60
317 393 405 457 Ne
436 412 588 455 anno
628 403 920 475 perpetuo
958 394 1187 476 lippiaS,
1225 395 1299 457 de
1339 397 1524 457 acinis
1554 413 1763 456 novem
1795 412 1940 455 uvae
1979 394 2162 477 albae,
2191 404 2358 457 ante-

316 501 493 564 quam
539 502 712 545 uvam
760 491 982 565 gustes,
1029 487 1233 545 novies
1275 494 1336 545 te
1384 487 1653 564 inunges,
1700 486 1780 545 ita
1826 492 1894 544 ut
1940 486 2094 545 intra
2148 484 2356 546 oculos

210 584 277 634 61
316 581 453 634 tuos
499 590 679 652 grana
727 574 956 652 singula
1004 573 1254 653 singulis
1302 572 1532 634 vicibus
1578 572 1875 633 infundas
1965 572 2212 634 Stercus
2257 592 2355 635 ca—

313 664 554 743 prinum
620 663 757 723 vino
826 681 1218 742 conspersum
1280 664 1609 742 tritumque
1665 669 1725 722 et
1781 664 2105 740 inpositum
2163 662 2356 723 oculis

313 759 491 830 atque
566 749 888 830 obligatum
962 770 1197 813 omnem
1262 751 1530 813 dolorem
1594 758 2010 830 tumoremque
2075 751 2351 830 detergit.
2384 768 2412 809 5

207 851 276 900 62
314 838 534 901 Oculos
591 858 728 900 cum
784 840 984 902 dolere
1042 843 1176 921 quis
1233 843 1524 921 coeperit,
1589 838 1727 900 ilico
1783 842 1839 899 ei
1895 839 2239 921 subvenieS,
2297 843 2355 900 si

317 936 461 1008 quot
507 927 736 989 litteras
782 947 999 991 nomen
1048 932 1177 991 eius
1219 929 1513 1011 habuerit,
1560 931 1871 990 nominans
1910 929 2164 1009 easdem,
2212 930 2351 989 toti·

313 1017 449 1079 dem
505 1016 693 1078 nodos
749 1020 810 1077 in
858 1019 995 1080 rudi
1040 1018 1161 1079 lino
1210 1020 1470 1098 stringas
1517 1026 1577 1079 et
1622 1020 1783 1079 circa
1829 1017 2046 1078 collum
2094 1017 2353 1078 dolentis

314 1109 600 1167 innectas,
670 1105 732 1167 Si
772 1108 1030 1187 impetus
1060 1107 1325 1168 dolorem
1355 1109 1747 1187 praevenerit,
1786 1106 2147 1168 absinthium
2179 1115 2352 1167 vetus

315 1204 375 1256 et
421 1194 726 1272 fuliginem
770 1206 1046 1258 conteres
1083 1196 1417 1276 diligenter,
1465 1204 1608 1257 tunc
1646 1195 1839 1256 mellis
1879 1203 2163 1275 quantum
2202 1196 2351 1257 satis
2383 1216 2444 1256 10

314 1281 613 1344 videbitur
649 1283 872 1345 adicies
910 1295 969 1347 et
1007 1286 1204 1346 denuo
1242 1293 1405 1345 teres
1443 1295 1619 1364 atque
1657 1303 1730 1345 ex
1769 1303 1839 1345 eo
1879 1284 2083 1346 oculos
2115 1283 2353 1367 inlineS,

208 1384 276 1433 63
312 1370 672 1433 validissime
718 1372 1003 1451 proderit.
1094 1373 1181 1435 Ne
1228 1391 1384 1434 anno
1431 1382 1722 1453 perpetuo
1768 1373 1997 1453 lippiaS,
2045 1391 2178 1434 cum
2226 1376 2353 1452 pri·

312 1480 477 1523 mum
522 1478 905 1524 cucumerem
948 1470 1200 1525 nanctus
1239 1463 1451 1545 fueris,
1499 1465 1562 1523 in
1601 1463 1840 1524 fontana
1878 1480 2027 1541 aqua
2068 1480 2203 1523 eum
2241 1481 2356 1541 per

312 1550 578 1611 triduum
638 1568 769 1611 esse
831 1554 892 1613 in
950 1552 1186 1614 vasculo
1234 1552 1456 1613 mundo
1505 1553 1842 1633 permitteS,
1898 1549 2112 1611 deinde
2160 1550 2353 1612 oculis

207 1651 276 1701 64
313 1639 610 1720 adapertis
656 1638 871 1701 faciem
919 1650 1079 1704 tuam
1117 1660 1184 1702 ea
1222 1658 1373 1720 aqua
1413 1641 1612 1701 fovere
1651 1639 1907 1701 curabiS.
1982 1638 2098 1710 Qui
2135 1639 2354 1700 crebro
2386 1660 2448 1701 ιε

313 1728 690 1809 lippitudinis
757 1732 896 1792 vitio
963 1729 1280 1811 laborabit,
1349 1729 1696 1791 milefolium
1759 1729 2006 1790 herbam
2063 1727 2353 1790 radicitus

311 1816 486 1879 vellat
531 1826 592 1877 et
640 1837 712 1878 ex
761 1837 828 1879 ea
876 1819 1167 1882 circulum
1216 1819 1418 1901 faciat,
1476 1826 1543 1881 ut
1589 1837 1699 1897 per
1744 1817 1911 1879 illum
1957 1817 2244 1896 adspiciat
2291 1826 2357 1879 et

311 1906 469 1968 dicat
516 1915 637 1968 ter:
683 1906 970 1970 Excicum
1018 1911 1260 1989 acrisoS,
1310 1916 1370 1969 et
1416 1910 1636 1969 totiens
1682 1907 1753 1968 ad
1793 1925 1861 1968 os
1899 1906 2015 1968 sibi
2058 1905 2355 1968 circulum

310 1994 479 2056 illum
526 1995 833 2057 admoveat
884 2007 944 2058 et
988 2016 1099 2077 per
1146 1997 1407 2058 medium
1454 2004 1672 2076 expuat
1731 2006 1789 2057 et
1844 1995 2091 2057 herbam
2138 2014 2354 2057 rursus

312 2083 555 2163 plantet.
650 2082 812 2154 Quae
869 2088 919 2146 si
976 2088 1284 2166 revixerit,
1353 2104 1676 2165 numquam
1734 2088 1786 2145 is
1851 2077 1959 2164 qui
2020 2084 2355 2145 remedium
2382 2100 2445 2142 so

311 2171 523 2232 fecerit
580 2171 890 2234 vexabitur
946 2174 1255 2236 oculorum
1315 2174 1546 2256 dolore3
1603 2174 1676 2235 ad
1733 2181 2056 2253 utrumque
2113 2174 2356 2235 oculum

310 2260 424 2321 hoc
472 2261 674 2341 facito;
722 2279 873 2339 quae
922 2265 975 2323 si
1021 2265 1217 2324 minus
1264 2265 1565 2342 revixerit,
1612 2281 1684 2323 ex
1732 2262 1845 2323 alia
1889 2265 2109 2323 iterum
2157 2263 2354 2324 faciat.

310 2348 562 2429 Oportet
606 2357 806 2410 autem
852 2351 982 2412 dari
1028 2370 1296 2433 operam,
1345 2359 1411 2413 ut
1456 2370 1575 2413 non
1623 2354 1802 2413 nimis
1837 2350 2021 2412 herba
2060 2355 2355 2413 constrin-

205 2450 273 2500 65
313 2448 503 2519 gatur,
551 2456 669 2519 quo
717 2438 943 2502 facilius
981 2440 1241 2520 plantata
1280 2450 1619 2520 consurgat.
1696 2440 1886 2520 Cepae
1924 2438 2132 2519 longae
2169 2458 2355 2501 sucus

313 2526 691 2606 opobalsamo
739 2530 959 2590 mixtus
1006 2539 1066 2591 et
1113 2548 1258 2591 suco
1306 2529 1550 2591 feniculi
1597 2529 1825 2590 adiecta
1868 2529 2039 2608 adipe
2077 2531 2354 2590 anserina
2384 2547 2448 2590 25

313 2618 674 2695 incipientes
721 2619 1047 2698 ypochyses
1094 2619 1341 2680 discutit
1389 2628 1449 2680 et
1495 2619 1852 2680 suffusiones
1898 2620 2174 2697 reprimit
2216 2618 2354 2679 cali-

209 2717 276 2767 66
315 2707 602 2785 ginesque
650 2713 950 2768 extenuat.
1025 2709 1389 2786 Accipitrem
1433 2709 1484 2767 si
1522 2708 1821 2786 decoquas
1859 2708 1920 2766 in
1960 2706 2089 2767 oleo
2128 2709 2355 2790 susino,

314 2794 505 2854 donec
544 2813 682 2856 caro
721 2795 851 2856 eius
880 2795 1232 2874 resolvatur,
1272 2804 1332 2856 et
1361 2815 1432 2856 ex
1466 2815 1536 2858 eo
1566 2795 1770 2857 oculos
1801 2796 2145 2875 frequenter
2175 2797 2355 2856 inun-

209 2895 276 2945 67
315 2901 480 2964 guae,
526 2891 586 2944 et
633 2884 974 2964 ypochysim
1023 2896 1082 2947 et
1128 2883 1440 2963 caliginem
1486 2885 1792 2947 discuties,
1883 2884 2356 2946 Chamaeleontis

315 2971 395 3032 fel
431 2979 656 3033 tantam
694 2975 809 3033 vim
849 2973 1068 3035 habere
1106 2973 1391 3055 creditur,
1431 2981 1499 3034 ut
1535 2974 1864 3053 ypochyses
1900 2976 2057 3034 intra
2086 2972 2356 3035 triduum
2387 2993 2450 3033 so

315 3061 768 3123 inunctionibus
806 3072 991 3124 sanet.
1068 3062 1221 3142 Lupi
1259 3063 1435 3123 fimus
1474 3063 1576 3123 diu
1607 3062 1930 3141 persi-ictus
1958 3063 2029 3124 ad
2062 3081 2355 3124 summam

211 3169 277 3220 es
314 3147 612 3210 levitatem
668 3169 806 3212 cum
860 3151 1034 3212 melle
1090 3154 1314 3212 mixtus
1372 3158 1432 3212 et
1489 3152 1821 3212 inunctioni
1867 3151 2168 3212 adhibitus
2215 3170 2356 3213 ocu-

317 3237 510 3299 lorum
559 3239 885 3319 ypochyses
933 3239 1180 3302 discutit
1227 3248 1287 3301 et
1333 3239 1407 3301 ad
1453 3258 1743 3301 summam
1791 3239 2206 3302 claritudinem
2249 3259 2356 3302 eos

463 3398 495 3447 6
534 3392 727 3448 oculos
767 3407 893 3447 cum
933 3393 1147 3465 dolere]
1189 3392 1477 3449 oculorum
1516 3394 1784 3449 dolorem.
1896 3399 1928 3449 9
1970 3393 2354 3463 absynthium.

327 3467 394 3517 10
456 3462 709 3519 tumellis
774 3465 972 3520 litteris
1034 3482 1114 3519 nc
1178 3466 1579 3534 superscriptis.
1801 3470 1864 3520 17
1922 3469 1981 3520 et
2037 3465 2195 3520 dicat
2249 3482 2352 3521 om.

322 3538 400 3615 26·
429 3534 747 3604 ypochesis.
902 3541 970 3590 29
1006 3535 1351 3605 ypochesim.
1505 3542 1575 3591 30
1609 3536 1930 3606 ypocheseS.
2087 3543 2156 3592 32
2195 3537 2360 3593 inun-

324 3604 499 3659 ctnoni
535 3607 763 3677 scripsi.-
799 3606 1119 3662 inuictione.
1267 3611 1335 3660 33
1373 3608 1699 3677 ypocheses.
