2575 4092
965 270 1439 334 -173—

207 427 410 489 inulam
457 433 754 511 rusticam,
805 431 1044 511 quidam
1091 431 1247 493 alum
1286 431 1574 493 Gallicum
1629 443 1855 513 vocant,
1900 432 2020 493 lota
2065 431 2210 495 haec

206 535 340 596 aqua
377 519 583 597 frigida
622 527 681 581 et
719 538 852 580 rasa
890 518 1130 580 cultello
1170 519 1436 582 eburneo
1474 520 1568 581 vel
1605 539 1793 582 osse0.
1855 521 2040 583 Datur
2078 539 2208 583 sex-

206 614 323 666 tans
376 606 554 669 librae
611 627 683 669 ex
741 627 808 669 ea
863 618 967 670 aut
1020 626 1091 668 eo
1149 609 1403 689 amplius
1459 609 1550 670 vel
1606 619 1893 690 quantum
1949 612 2212 690 potuerit

205 694 366 757 debet
416 698 771 759 manducare
828 704 889 757 et
942 697 1227 758 devorare
1285 699 1385 782 cui
1431 713 1581 779 opus
1638 707 1755 779 est3
1810 717 2004 778 neque
2052 702 2210 760 enim

157 800 181 841 5
205 801 381 845 amara
427 794 533 847 est.
595 785 846 865 Oportet
880 793 1081 847 autem
1119 804 1190 847 eo
1228 786 1325 847 die
1365 795 1599 848 acetum
1637 804 1758 847 non
1796 795 2011 868 gustet,
2050 788 2209 868 quod

200 872 483 935 interdum
517 894 629 954 per
668 893 732 936 se
770 874 965 936 solum
1002 875 1314 953 magnifice
1352 873 1506 937 solet
1541 875 1848 958 prodesse,
1885 876 1990 937 sed
2027 875 2208 938 huius

199 961 400 1023 radicis
445 964 722 1025 effectum
768 963 1030 1044 resolvit,
1076 966 1129 1024 si
1175 981 1313 1024 cum
1360 982 1427 1024 ea
1473 963 1666 1025 detur.

359 1051 514 1113 Bene
552 1053 697 1113 facit
733 1053 803 1113 ad
844 1054 1099 1113 arteriae
1137 1055 1516 1131 eruptionem
1551 1051 1830 1133 polygoni
1866 1071 2050 1114 sucus
2079 1072 2208 1133 cya-

198 1139 419 1201 thorum
465 1141 654 1203 duum
701 1149 803 1202 aut
848 1143 1032 1202 trium
1080 1159 1188 1221 per
1233 1141 1500 1203 triduum
1545 1141 1718 1203 datus
1756 1149 1817 1203 et
1852 1141 2210 1223 plantaginis

132 1244 176 1284 ιο
199 1229 357 1290 tritae
403 1231 614 1291 eodem
660 1231 836 1291 modo
882 1230 1057 1291 datus
1104 1248 1287 1291 sucus
1333 1230 1657 1310 plurimum
1693 1231 1966 1313 prodest3
2011 1239 2209 1293 cretae

197 1334 414 1398 quoque
463 1319 696 1381 Samiae
743 1318 795 1378 X
840 1336 998 1379 unus
1047 1326 1323 1397 sumptus
1370 1338 1440 1380 ex
1489 1338 1676 1399 aquae
1722 1320 1971 1401 frigidae
2010 1322 2209 1400 rigore

195 1404 443 1469 detracto
482 1408 713 1488 cyathis
741 1406 937 1469 tribus
966 1407 1325 1468 validissime
1353 1410 1542 1489 iuvat3
1579 1407 1799 1469 herbae
1838 1412 2016 1470 etiam
2044 1408 2206 1489 poly-

194 1498 338 1576 goni,
381 1515 552 1578 quae,
604 1504 672 1558 ut
715 1498 946 1577 opinor,
993 1498 1232 1557 tiniaria
1267 1506 1532 1577 vocatur,
1570 1495 1910 1579 fasciculuS,
1949 1505 2208 1576 quantus

193 1601 356 1645 manu
410 1585 822 1665 conprehendi
880 1588 1098 1666 possit,
1162 1587 1222 1646 in
1280 1583 1477 1646 tribus
1542 1584 1798 1645 beminis
1862 1602 2049 1664 aquae
2113 1585 2212 1646 de·

125 1688 168 1729 15
192 1681 382 1735 coctus
439 1676 512 1736 ad
571 1677 782 1735 tertias
846 1682 1011 1736 recte
1074 1674 1352 1735 medetur
1407 1674 1709 1754 eruptioni
1774 1675 2076 1753 sanguinis
2139 1692 2208 1734 ex

190 1765 428 1845 arteriiS,
476 1766 533 1824 si
582 1766 717 1842 quis
763 1763 902 1824 inde
943 1762 1238 1824 laboranti
1276 1761 1518 1842 cyathos
1556 1768 1682 1822 tres
1720 1762 1920 1822 ieiuno
1959 1779 2068 1842 per
2105 1764 2207 1823 tri·

187 1849 358 1912 duum
413 1852 668 1915 dederit.
762 1850 1014 1931 Oportet
1077 1861 1277 1912 autem
1339 1851 1623 1911 sentienti
1676 1849 1892 1911 vulnus
1958 1851 2210 1912 interius

48 2008 51 2015 y
186 1937 305 2000 loco
358 1943 489 2020 ipso
552 1941 658 2002 sed
714 1960 748 2001 a
794 1941 940 2002 foris
988 1941 1292 2019 sfongeam
1341 1957 1479 2001 cum
1525 1957 1676 2018 aqua
1724 1939 1937 2018 frigida
1982 1941 2213 1999 recenti

48 2026 51 2085 ff
185 2028 461 2108 inponere
507 2029 597 2090 vel
635 2049 708 2091 ex
746 2041 913 2091 aceto
952 2032 1095 2111 acri,
1141 2029 1245 2090 sed
1286 2029 1636 2107 frequenter
1672 2035 1922 2108 mutare,
1960 2044 2035 2087 ne
2073 2044 2211 2088 con·

88 2133 164 2173 220
188 2118 456 2180 calefacta
509 2127 738 2200 noceat,
785 2126 846 2179 et
891 2126 1090 2179 vetare
1137 2126 1305 2180 artus
1348 2118 1698 2198 constringi,
1745 2115 1901 2196 quod
1941 2115 2211 2195 plerique

183 2207 549 2270 medicorum
586 2207 813 2269 faciunt
849 2209 1211 2289 ignorantes,
1250 2210 1389 2287 quia
1420 2208 1705 2268 incitatur
1733 2206 2038 2284 sanguinis
2078 2223 2211 2267 eru-

182 2298 298 2372 ptio
336 2296 750 2359 musculorum
798 2298 1261 2377 compressione,
1312 2295 1788 2376 quandoquidem
1835 2297 2029 2356 omnis
2075 2314 2211 2356 con-

184 2387 405 2447 strictio
453 2389 521 2446 in
568 2394 882 2465 utramque
931 2395 1159 2464 partem
1208 2386 1489 2465 exprimit
1533 2402 1757 2445 venam.

351 2473 611 2536 Faciunt
648 2482 710 2536 et
745 2477 1073 2553 composita
1109 2473 1540 2534 medicamenta
1579 2472 1651 2532 ad
1696 2473 2001 2550 sanguinis
2040 2490 2213 2550 erup·

114 2573 161 2614 2⁵
183 2562 418 2645 tionem,
468 2581 727 2642 quorum
772 2563 888 2624 hoc
940 2571 1033 2624 est
1077 2564 1494 2641 praecipuum:
1540 2561 1787 2632 Acaciae
1843 2563 1971 2621 suci
2016 2562 2211 2641 uncia,

180 2649 605 2733 hypocistidoS,
653 2654 758 2731 qui
804 2660 897 2713 est
928 2670 1112 2713 sucus
1149 2668 1322 2712 rosae
1362 2649 1679 2730 silvaticae,
1726 2667 1903 2728 quam
1941 2650 2212 2711 caninam

185 2741 418 2816 quidam
466 2749 707 2821 vocant,
752 2743 956 2822 uncia,
1000 2739 1281 2820 balausti,
1336 2741 1438 2818 qui
1484 2747 1577 2799 est
1624 2737 1734 2799 flos
1779 2737 1918 2798 mali
1964 2740 2212 2818 granati,

183 2845 294 2906 quo
333 2831 579 2891 coriarii
617 2837 887 2911 utuntur,
926 2831 1119 2909 uncia,
1157 2830 1259 2907 opi
1296 2829 1617 2889 semuncia.
1677 2826 2042 2888 Balaustium
2073 2844 2209 2886 con·

180 2918 456 2978 tunditur
495 2926 555 2978 et
591 2917 890 2980 cribratur
927 2918 1020 2979 vel
1059 2921 1284 2978 siccum
1323 2919 1385 2977 in
1422 2918 1708 2978 mortario
1740 2917 1975 2995 teritur,
2013 2923 2213 2975 cetera

110 3018 156 3059 30
181 3006 372 3084 pridie
432 3015 728 3068 macerata
782 3010 846 3069 in
901 3025 1054 3087 aqua
1110 3007 1575 3067 commiscentur
1629 3004 1945 3083 diligenter
2000 3012 2062 3064 et
2114 3023 2214 3083 pa-

180 3094 324 3155 stilli
368 3095 511 3156 inde
557 3097 892 3177 finguntur,
951 3095 1190 3175 quidam
1248 3096 1502 3155 maiores
1513 3141 1529 3174 ,
1578 3094 1817 3173 quidam
1864 3093 1936 3154 ad
1985 3093 2215 3154 denarii

179 3186 520 3266 semissem3
577 3185 795 3245 dantur
849 3184 1099 3246 resoluti
1150 3185 1316 3245 iuxta
1362 3189 1613 3243 aetatem
1660 3182 1751 3243 vel
1797 3184 2079 3243 virtutem
2126 3183 2212 3241 in-

178 3272 338 3333 firmi
397 3291 469 3333 ex
526 3291 712 3352 aquae
767 3274 1016 3354 frigidae
1073 3272 1300 3353 cyathis
1354 3270 1548 3333 tribus
1604 3280 1706 3332 aut
1761 3270 2010 3331 duobus
2104 3268 2214 3330 Hic

176 3360 454 3440 pastillus
508 3361 659 3422 bene
716 3362 858 3423 facit
913 3370 973 3423 et
1028 3361 1099 3422 ad
1157 3361 1552 3441 dysintericos
1609 3370 1671 3420 et
1715 3359 1787 3420 ad
1835 3360 2213 3419 torminosos

363 3502 394 3549 1
435 3497 491 3550 al
519 3512 627 3566 pro
663 3477 832 3555 alum.
989 3505 1021 3553 2
1063 3498 1389 3552 sextantem.
1539 3500 1605 3548 12
1643 3491 2000 3548 valedissime
2036 3491 2213 3546 iubat.

178 3571 246 3620 22
287 3567 645 3636 quandoque.
755 3575 823 3624 27
861 3568 1254 3638 malagranati.
1382 3569 1451 3621 28
1488 3580 1600 3633 quo
1640 3562 1886 3635 coriarii]
1927 3561 2212 3631 quoriarii.

177 3642 248 3693 28
285 3636 682 3694 balausticum.
829 3645 899 3694 34
936 3639 1309 3695 disinterieos.

2247 1068 2317 1117 22

2248 1861 2315 1910 23

2252 2482 2321 2530 24
