2575 4092
979 226 1417 290 -47-

188 389 390 448 simum
430 387 671 449 redacta
708 389 1005 467 permisce
1042 396 1221 469 atque
1259 390 1323 449 in
1360 388 1573 451 balneo
1615 389 1867 450 ferventi
1904 391 1983 450 ita
2020 398 2208 469 utere,

187 485 246 536 ut
289 478 528 537 tertiam
573 485 802 556 partem
851 477 1111 557 pulveris
1148 477 1221 539 de
1262 496 1442 557 supra
1490 479 1710 557 scripta
1751 496 2028 540 mensura
2074 497 2205 558 spe·

188 565 404 626 cierum
453 567 655 627 mittas
702 568 765 626 in
813 574 992 645 caput
1037 574 1098 627 et
1143 567 1436 646 perfrices
1482 566 1584 627 diu
1632 584 1701 627 ac
1748 566 2090 647 dlligenter‚
2141 577 2206 630 ut

182 670 284 731 per
337 655 623 716 sudorem
679 654 943 737 digeras3
1005 663 1210 734 postea
1266 673 1418 735 aqua
1474 655 1672 734 tepida
1719 654 1879 717 laves
1923 668 2102 735 caput
2148 664 2210 718 et

140 757 162 798 ὅ
183 743 240 802 in
293 742 570 820 frigidam
626 761 860 823 mergas
914 751 975 805 et
1031 762 1233 805 crasso
1292 743 1510 805 sabano
1565 743 1881 823 diligenter
1937 741 2207 806 siccabis,

183 830 260 891 Ad
307 839 578 893 reumata
624 835 861 912 capitis:
932 831 1174 913 Talpam
1234 834 1297 892 in
1355 850 1490 893 vaso
1546 832 1714 894 fictili
1769 833 1969 894 clauso
2016 836 2096 894 ita
2145 836 2206 895 in
2244 847 2278 897 2

183 918 349 980 furno
394 928 649 1002 torreto,
695 930 764 982 ut
809 923 1231 983 tenuissimum
1276 921 1585 1000 pulverem
1631 940 1702 982 ex
1750 939 1819 982 ea
1860 921 2060 1001 facias,
2106 924 2208 985 cui

108 1050 112 1054 -
182 1008 354 1069 addes
413 1009 726 1089 pulverem
781 1012 1004 1090 piperis
1060 1009 1176 1071 albi
1232 1029 1306 1072 ex
1357 1012 1559 1089 granis
1604 1010 1810 1071 decem
1860 1018 1920 1071 et
1965 1019 2101 1071 octo
2146 1021 2208 1072 et

182 1097 445 1158 cocleare
495 1116 680 1161 unum
730 1099 803 1160 de
850 1118 996 1162 suco
1043 1101 1237 1159 ocimi.
1313 1097 1396 1159 De
1436 1117 1553 1179 quo
1592 1099 1980 1160 medicamine
2019 1098 2206 1180 dabis,

115 1201 157 1241 10
181 1188 270 1247 cui
315 1187 677 1249 medendum
725 1190 858 1270 erit,
904 1190 966 1249 in
1011 1190 1252 1267 potione
1296 1190 1417 1248 vini
1457 1190 1674 1249 veteris
1712 1186 1900 1249 calida
1936 1186 2204 1250 cocleare

180 1292 372 1357 unum,
420 1278 505 1337 ita
557 1285 622 1338 ut
667 1279 728 1338 in
775 1276 1005 1352 balneo,
1051 1278 1114 1337 in
1161 1295 1279 1356 quo
1323 1294 1647 1357 numquam
1686 1276 1825 1338 lavit
1868 1295 1978 1337 nec
2015 1276 2206 1338 lautu·

180 1380 277 1424 rus
332 1367 438 1446 sit,
498 1367 561 1425 in
618 1364 766 1427 solio
822 1365 1152 1427 remedium
1207 1367 1459 1470 accipiat
1514 1375 1574 1427 et
1624 1367 1976 1446 interposito
2022 1365 2206 1426 biduo

180 1450 414 1514 alternis
465 1456 688 1516 iterum
734 1457 1002 1534 accipiat.
1088 1453 1205 1515 Sed
1253 1456 1353 1515 cui
1399 1454 1661 1515 remedio
1708 1472 1862 1533 opus
1908 1461 2024 1535 est,
2073 1453 2206 1514 XIX

180 1540 355 1603 ferme
420 1543 638 1605 diebus
694 1545 963 1622 porcina,
1028 1542 1351 1624 liquamine
1415 1551 1476 1604 et
1533 1542 1835 1605 holeribus
1895 1542 2205 1604 abstineat.

111 1642 154 1683 ιε
178 1630 257 1690 Ad
302 1631 466 1692 idem
513 1632 878 1694 trochiscus:
929 1633 1105 1694 Croci
1150 1632 1460 1693 drachmas
1507 1631 1681 1711 duas,
1727 1648 1961 1711 myrrae
2011 1662 2094 1674 —
2136 1629 2207 1712 11,
2243 1644 2276 1694 3

179 1718 510 1782 chalcanthi
552 1753 630 1765 —
662 1720 734 1802 ΙΙ,
779 1723 997 1802 cymini
1027 1754 1108 1765 -
1139 1720 1208 1796 Π,
1247 1723 1348 1799 opi
1399 1718 1711 1780 drachmas
1746 1718 1818 1799 11,
1857 1720 2011 1779 turis
2054 1751 2130 1762 —
2164 1718 2209 1799 1,

180 1812 668 1888 crocomagmatis
725 1808 1037 1871 drachmas
1086 1809 1168 1889 11,
1233 1809 1511 1870 aluminis
1571 1809 1744 1868 scissi
1790 1839 1876 1851 —
1914 1806 1956 1868 Ι.
2047 1806 2206 1869 Haec

183 1901 367 1958 omnia
425 1900 686 1959 contrita
741 1900 1148 1960 austerissimo
1196 1900 1333 1958 vino
1379 1895 1796 1977 permiscebis,
1855 1904 1924 1957 ut
1969 1897 2090 1957 sint
2135 1895 2208 1956 ad

183 1987 636 2049 crassitudinem
676 1986 885 2068 mellis,
925 1996 983 2049 et
1021 1988 1158 2048 inde
1196 1988 1455 2048 frontem
1493 1985 1845 2048 densissime
1875 1984 2209 2064 superlines

111 2084 159 2126 ὀ
183 2091 363 2155 usque
412 2075 489 2137 ad
536 2075 807 2157 capillos,
859 2078 1200 2137 intermissa
1247 2078 1457 2137 semita
1504 2092 1687 2154 super
1733 2092 1972 2156 nasum3
2036 2092 2203 2154 prae-

180 2161 335 2224 cluso
392 2166 556 2225 enim
612 2167 856 2246 itinere,
919 2165 1077 2245 quod
1142 2165 1214 2225 ad
1279 2164 1486 2226 oculos
1552 2166 1748 2225 umori
1805 2171 2009 2241 patere
2066 2181 2205 2225 con-

180 2261 475 2334 sueverat,
531 2255 684 2315 viam
738 2255 948 2334 facieS‚
1005 2273 1121 2334 qua
1177 2254 1248 2314 de
1307 2252 1557 2314 cerebro
1612 2271 1721 2332 per
1774 2271 1951 2313 nares
2008 2251 2205 2313 fluxus

180 2344 363 2403 omnis
402 2351 655 2423 emanat,
702 2352 763 2404 et
806 2342 947 2404 hinc
994 2351 1323 2422 perpetuus
1370 2341 1660 2404 decursus
1708 2341 1829 2422 fiet,
1874 2359 1993 2420 quo
2040 2359 2203 2402 umo-

179 2445 271 2490 res
324 2430 638 2492 oculorum
694 2430 768 2492 ab
823 2433 986 2492 omni
1030 2431 1416 2492 inundatione
1463 2433 1782 2492 siccentur.
1865 2429 1990 2489 Hac
2036 2446 2206 2490 cura·

109 2529 155 2569 ²5
179 2519 332 2579 tione
378 2522 446 2580 in
492 2529 848 2599 perpetuum
896 2520 1188 2600 lippitudo
1235 2518 1654 2581 removebitur.
1739 2518 1857 2579 Sed
1894 2517 2006 2597 his,
2053 2535 2203 2596 quos

180 2608 425 2669 nimium
472 2627 676 2669 reuma
733 2611 958 2670 umoris
1015 2607 1277 2690 urgebit,
1335 2628 1407 2669 ex
1464 2615 1630 2669 aceto
1687 2609 1811 2668 acri
1867 2605 2203 2667 trochiscus

183 2710 353 2774 supra
410 2699 672 2776 scriptus
725 2700 1065 2777 inponatur.
1146 2696 1236 2758 Ad
1283 2695 1712 2758 destillationes
1759 2695 2200 2775 perfrictiones·
2239 2707 2273 2755 4

183 2800 290 2862 que
337 2793 398 2847 et
447 2787 820 2864 gravedines:
909 2784 1262 2865 Cyclaminis
1309 2784 1545 2866 herbae,
1592 2803 1743 2864 quae
1791 2783 1997 2844 Latine
2046 2782 2203 2843 orbi-

184 2872 395 2935 cularis
461 2874 710 2956 dicitur,
780 2875 1040 2936 radicem
1107 2892 1288 2953 supra
1354 2872 1643 2935 carbones
1707 2871 1945 2933 cultello
2011 2871 2203 2931 radito

112 2969 158 3011 ⁸0
183 2959 525 3041 fumumque
563 2965 693 3024 eius
731 2965 985 3024 ramenti
1021 2962 1267 3024 naribus
1304 2962 1541 3024 trahito.
1606 2961 1956 3041 Hyoscyami
1994 2959 2200 3021 drach·
2241 2972 2276 3022 ὅ

183 3066 300 3111 mas
356 3048 549 3132 duaS,
585 3054 703 3130 apii
758 3053 1000 3129 seminis
1056 3052 1210 3112 bene
1260 3054 1496 3130 purgati
1544 3050 1854 3112 drachmas
1902 3058 2203 3129 quattuor,

185 3139 377 3200 anethi
431 3140 583 3201 bene
638 3142 876 3220 purgati
930 3141 1271 3202 drachmam
1321 3158 1524 3221 unam,
1572 3141 1692 3218 opii
1738 3139 1971 3218 pondus
2017 3140 2204 3199 victo-

184 3226 311 3287 riati
365 3230 633 3308 argentei
686 3231 894 3310 unius,
956 3229 1103 3291 haec
1168 3231 1366 3290 omnia
1434 3231 1574 3289 trita
1640 3236 1700 3289 et
1755 3227 2011 3289 cribrata
2070 3245 2204 3305 per-

186 3316 425 3378 misceto
482 3324 544 3378 et
590 3335 663 3378 ex
708 3336 860 3398 aqua
907 3318 1172 3398 pastillos
1219 3326 1550 3396 temperato
1597 3326 1774 3397 atque
1823 3335 1893 3377 ex
1941 3315 2037 3377 his
2084 3317 2201 3375 sin-

40 3410 41 3475 }
122 3410 167 3451 ⁸⁶
191 3403 351 3479 gulos
397 3407 461 3466 in
499 3424 685 3484 aquae
723 3405 946 3468 calidae
983 3406 1208 3487 cyathis
1247 3406 1499 3488 duobuS,
1546 3424 1683 3467 cum
1719 3405 2038 3467 dormitum
2079 3402 2205 3483 ibit,

40 3478 43 3547 2*
191 3495 279 3552 cui
325 3493 684 3555 medendum
728 3497 868 3575 erit,
928 3498 1097 3574 potui
1143 3498 1296 3557 dato.
1379 3494 1662 3556 Eiusdem
1708 3493 1928 3554 herbae
1975 3490 2207 3551 radices

192 3580 240 3638 si
293 3582 701 3661 decoquantur
760 3602 1062 3665 sucusque
1118 3602 1324 3646 earum
1380 3584 1452 3645 ad
1508 3581 1963 3644 crassitudinem
2015 3579 2206 3639 mellis
