2575 4092
983 218 1470 283 -333—

212 388 274 442 et
320 382 384 441 in
432 381 696 441 cinerem
732 379 969 458 rediges
1008 387 1070 441 et
1107 379 1385 442 criblabis
1423 388 1482 442 et
1517 381 1656 442 inde
1695 381 1960 444 cocleare
1998 381 2239 462 plenum

209 472 276 530 in
316 486 695 549 quacumque
730 471 972 549 potione
1009 468 1177 530 dabis
1214 472 1288 550 ei,
1330 473 1436 549 qui
1474 470 1995 533 haemorrhoidum
2033 472 2241 533 nimie·

210 565 334 619 tate
401 565 663 618 vexatur.
764 556 1075 619 Ruborum
1144 558 1421 620 cauliculi
1484 561 1680 619 teneri
1743 560 2079 622 tunduntur
2143 580 2239 629 ex·
2278 573 2345 621 31

209 664 582 727 pressusque
637 664 709 706 ex
765 645 861 707 his
914 664 1096 707 sucus
1151 649 1212 707 in
1270 647 1629 708 calidissimo
1676 648 1799 709 sole
1846 650 2116 731 ponitur,
2173 657 2240 711 nt

153 753 182 794 5
211 753 408 814 usque
456 735 528 795 ad
575 734 1031 796 crassitudinem
1069 735 1260 796 mellis
1299 738 1647 817 spissescat3
1693 737 1792 797 hic
1827 737 2077 799 haustus
2114 737 2238 798 effi·

208 826 523 885 cacissime
562 823 1082 885 haemorrhoidum
1121 826 1469 904 sanguinem
1508 827 1682 886 sistit.
1750 824 2072 904 Coagulum
2110 844 2237 888 cer·
2276 838 2345 886 32

207 915 416 974 vinum
455 911 835 992 d'egluttitum
873 915 1220 992 sanguinem
1257 932 1331 974 ex
1366 916 1593 975 intimis
1635 914 2030 995 profluentem
2069 914 2238 976 facile

209 996 481 1081 stringit3
526 1001 683 1062 idem
731 1001 872 1062 facit
919 1008 979 1061 et
1025 1001 1339 1081 coagulum
1385 1002 1624 1082 leporis,

391 1089 556 1151 Luna
604 1089 739 1150 XIII
792 1090 938 1151 hora
985 1089 1113 1149 VIII
1163 1099 1481 1170 antequam
1527 1099 1739 1153 exeant
1784 1092 1876 1153 vel
1923 1100 2237 1171 erumpant
2273 1104 2342 1152 33

125 1198 181 1237 ιο
209 1181 368 1239 mori
412 1178 646 1240 arboris
692 1178 856 1260 folia,
903 1177 1109 1240 oculos
1155 1187 1280 1240 tres
1326 1179 1499 1240 tolles
1546 1181 1747 1259 digitis
1794 1180 2132 1242 medicinali
2178 1191 2238 1242 et

210 1266 427 1347 pollice
481 1285 694 1329 manus
749 1269 1028 1328 sinistrae
1086 1275 1147 1328 et
1192 1270 1255 1328 in
1303 1268 1493 1330 oculis
1540 1269 1790 1347 singulis
1835 1270 2027 1331 dices:
2092 1268 2239 1330 Absi

210 1355 355 1417 absa
399 1356 672 1437 phereoS‚
717 1358 1037 1435 mittesque
1086 1357 1145 1416 in
1194 1374 1442 1417 coccum
1478 1356 1804 1419 Galaticum
1853 1365 1913 1419 et
1959 1361 2018 1418 in
2058 1358 2236 1438 phoe-

209 1446 370 1506 nicio
416 1444 538 1505 lino
585 1443 986 1524 conchyliatae
1023 1462 1327 1525 purpurae
1365 1444 1688 1525 conligabis
1736 1455 1796 1507 et
1831 1445 2021 1508 dices:
2067 1445 2236 1507 Tollo

209 1542 271 1594 te
320 1533 458 1594 hinc
506 1540 708 1614 totam,
754 1532 1194 1614 haemorhoida,
1239 1532 1399 1594 absis
1435 1533 1679 1616 paphar,
1717 1541 1778 1595 et
1815 1533 2044 1595 nudum
2081 1553 2235 1616 eum,

124 1639 180 1681 15
210 1623 315 1684 cui
359 1621 622 1683 remedio
670 1639 821 1701 opus
866 1628 976 1702 est,
1019 1622 1442 1701 praeligamine
1489 1620 1589 1682 illo
1638 1624 1857 1702 cinges.

393 1712 508 1771 Ani
545 1712 683 1771 vitia
721 1717 781 1771 et
818 1708 1225 1790 condylomata
1262 1710 1398 1771 felle
1432 1729 1696 1791 capruno
1724 1717 2011 1790 peruncta
2041 1713 2238 1772 sanari
2274 1722 2346 1771 34

211 1801 548 1862 certissime
614 1806 863 1860 constat.
954 1798 1323 1859 Malicorium
1377 1818 1515 1860 cum
1569 1801 1708 1859 vino
1766 1801 1989 1880 optimo
2044 1818 2235 1879 usque
2272 1811 2342 1860 35

210 1888 284 1949 ad
334 1888 484 1949 duos
529 1888 773 1968 cyathos
818 1888 1129 1949 decoctum
1175 1890 1522 1967 pariterque
1565 1890 1888 1949 contritum
1926 1895 1989 1949 et
2024 1887 2237 1968 malag-

211 1979 391 2038 matis
434 1976 609 2037 modo
655 1978 980 2055 inpositum
1027 1983 1305 2055 potenter
1352 1979 1451 2037 ani
1496 1976 1904 2056 condylomata
1939 1983 2235 2056 persanat.

10 2113 11 2122 ,
121 2084 180 2124 20
211 2065 504 2145 Butyrum
560 2072 619 2126 et
674 2065 856 2146 adeps
912 2066 1186 2125 anserina
1242 2072 1303 2126 et
1348 2064 1546 2126 oleum
1591 2083 1901 2126 rosaceum
1944 2067 2237 2145 permixta
2274 2077 2344 2127 36

207 2154 612 2233 pulcherrime
675 2161 928 2233 prosunt
993 2155 1091 2214 ani
1154 2155 1331 2215 vitiis,
1424 2154 1680 2234 Sanguis
1742 2172 2042 2233 caprunus
2099 2172 2236 2215 cum
2273 2166 2341 2215 37

208 2241 450 2322 polenta
512 2244 809 2322 inpositus
873 2245 971 2304 ani
1033 2243 1242 2303 vitium
1309 2260 1483 2303 omne
1538 2250 1834 2323 persanat.
1927 2242 2235 2322 Rhagadas
2272 2253 2341 2304 38

211 2333 410 2392 canini
474 2333 683 2410 capitis
747 2332 869 2391 usti
928 2332 1078 2392 cinis
1133 2331 1453 2411 adspersus
1509 2331 1777 2411 adiungit
1833 2339 1893 2392 et
1947 2333 2233 2392 stercoris

209 2422 410 2482 canini
446 2419 563 2480 albi
598 2419 890 2500 betaeque
927 2421 1078 2480 cinis
1114 2421 1380 2480 insertus
1417 2419 1689 2481 similiter
1718 2420 2060 2499 opitulatur.
2119 2418 2233 2481 Iris
2271 2431 2341 2480 39

119 2524 180 2567 25
209 2508 479 2588 Illyricae
535 2510 687 2569 cinis
743 2526 880 2569 cum
936 2506 1107 2568 melle
1164 2507 1448 2569 subactus
1503 2508 1729 2569 utiliter
1782 2510 2092 2588 inponitur
2137 2510 2236 2569 ani

209 2599 400 2677 vitiis,
459 2599 510 2657 si
555 2599 683 2676 ipsa
733 2599 841 2658 iris
888 2598 950 2656 in
997 2597 1173 2657 furno
1220 2596 1536 2675 diligenter
1580 2603 1809 2658 uratur.
1892 2596 2090 2675 Adeps
2135 2614 2233 2657 an·
2271 2608 2340 2657 40

211 2688 450 2747 serinus
506 2704 643 2747 cum
698 2685 967 2746 eiusdem
1021 2683 1270 2746 cerebro
1318 2692 1379 2745 et
1424 2702 1643 2764 oesypo
1690 2692 1751 2745 et
1795 2684 2051 2745 alumine
2099 2684 2235 2747 sub-

209 2776 397 2854 igitur
435 2781 495 2835 et
529 2775 838 2855 inponitur
876 2774 974 2834 ani
1013 2772 1291 2834 omnibus
1319 2775 1533 2834 causis,
1590 2771 1811 2834 Carnes
1839 2791 1912 2833 ex
1941 2772 2234 2852 capitibus
2272 2783 2339 2833 41

210 2862 503 2942 mugilum
558 2865 680 2924 sive
737 2862 1056 2924 mullorum
1111 2861 1390 2923 decoctae
1447 2869 1509 2923 et
1553 2879 1691 2923 cum
1737 2861 1908 2923 melle
1957 2860 2234 2922 subactae

119 2969 181 3012 ao
211 2959 391 3032 atque
429 2953 719 3031 inpositae
748 2953 968 3012 vitiatis
997 2951 1126 3010 anis
1153 2949 1477 3030 plurimum
1504 2958 1777 3031 prosunt.
1830 2948 2040 3011 Oleum
2066 2957 2234 3010 vetus
2263 2960 2341 3011 42

211 3048 273 3102 et
317 3042 514 3119 picem
560 3048 620 3101 et
662 3040 945 3119 pollinem
992 3040 1285 3099 triticeam
1333 3039 1599 3120 decoque
1648 3047 1709 3100 et
1744 3057 1855 3099 ano
1894 3038 2232 3100 exulcerato

210 3129 410 3191 calens
446 3128 814 3190 medicamen
850 3131 1086 3206 inpone.
1150 3127 1340 3188 Radix
1375 3128 1514 3189 rubi
1542 3131 1601 3189 in
1631 3130 1765 3189 vino
1796 3146 1986 3207 usque
2015 3128 2087 3189 ad
2117 3134 2232 3188 ter·
2266 3140 2340 3188 43

210 3221 324 3279 tias
371 3220 650 3297 coquitur
696 3235 885 3298 eoque
933 3219 1068 3277 vino
1116 3218 1215 3277 ani
1249 3218 1391 3278 vitia
1429 3224 1490 3278 et
1524 3216 1904 3278 difficultates
1942 3217 2233 3277 foventur.

391 3375 424 3425 ὅ
461 3371 670 3425 anetus.
870 3374 902 3423 6
940 3369 1380 3426 aemorhoidum.
1588 3375 1619 3423 6
1658 3370 1984 3439 quagnInm,
2021 3370 2148 3423 item
2185 3374 2233 3423 8.

213 3448 279 3496 12
318 3440 380 3496 in
417 3442 672 3513 coccum]
708 3440 1011 3496 incoctum.
1164 3440 1429 3511 phiniciO.
1592 3446 1658 3494 13
1696 3439 2069 3494 conchiliatae
2105 3457 2235 3508 pur-

208 3530 403 3583 porae.
551 3518 619 3566 14
652 3514 835 3567 totam
871 3513 1096 3582 scripsi.-
1136 3514 1275 3567 tota.
1425 3517 1493 3566 16
1531 3508 1946 3579 condylemata‚
1983 3510 2111 3565 item
2150 3515 2234 3565 19.

204 3591 279 3640 27
317 3583 555 3655 oesypo]
591 3584 823 3654 hysopo.
