2575 4092
1013 269 1089 279 —
1186 233 1493 298 245—

232 395 597 457 sorbendum
656 394 918 475 dederis3
974 398 1133 474 ipsas
1191 415 1430 477 quoque
1486 396 1716 458 cocleas
1772 405 2052 460 contusas
2101 397 2265 460 velut

231 485 517 562 malagma
576 502 756 562 supra
812 482 1108 544 dolentem
1164 484 1361 547 locum
1418 486 1621 547 lateris
1666 488 1873 565 inponi
1919 489 2066 548 satis
2112 487 2258 549 utile

231 583 340 634 est.
427 572 707 633 verbasci
752 572 1013 634 radicem
1069 583 1130 634 et
1176 583 1345 635 rutae
1392 574 1711 636 coliculum
1767 585 1827 637 et
1871 575 1990 637 albi
2034 577 2261 655 piperis
2301 590 2366 638 11

230 681 414 741 grana
443 661 600 722 Vllll
636 664 700 722 in
738 679 925 722 unum
960 663 1217 723 contrita
1255 683 1330 724 ex
1367 681 1554 744 aquae
1593 663 1814 725 calidae
1852 665 2077 745 cyathis
2115 665 2258 727 duo·

145 767 173 808 5
230 751 346 812 bus
392 752 564 829 potui
609 750 776 811 dabis
822 753 897 832 ei,
944 753 1048 830 qui
1093 750 1297 813 lateris
1343 751 1548 813 dolore
1596 752 1922 814 vexabitur.

411 838 779 900 Marrubium
838 857 911 900 ex
965 857 1117 919 aqua
1163 843 1371 902 tritum
1419 840 1740 903 salubriter
1786 841 2010 903 bibitur
2056 842 2259 903 adver·
2299 855 2365 904 12

232 947 369 989 sum
415 928 617 989 lateris
665 926 959 1009 dolorem,
1013 929 1316 990 coriandri
1371 948 1609 1010 quoque
1656 949 1860 992 semen
1908 931 2123 991 tundes
2167 930 2260 992 vel

231 1028 395 1078 teres
433 1025 494 1078 et
530 1016 822 1077 cribrabis
844 1025 924 1083 *et
962 1035 1098 1078 cum
1136 1018 1311 1080 melle
1348 1037 1591 1100 coques,
1629 1020 1820 1080 donec
1858 1021 2117 1098 spissum
2156 1021 2260 1100 sit;

229 1106 370 1167 inde
419 1124 590 1172 mane
636 1114 697 1165 et
735 1124 869 1166 sero
908 1105 1183 1168 cocliaria
1222 1114 1392 1169 terna
1429 1107 1597 1170 dabis
1633 1108 1949 1188 pleuritico
1987 1107 2260 1171 bibenda.

147 1212 201 1252 ιο
232 1194 458 1274 Sulpur
502 1198 698 1255 vivum
748 1203 808 1255 et
853 1197 1047 1274 picem
1093 1195 1355 1257 cedriam
1410 1200 1541 1277 pari
1591 1197 1854 1276 pondere
1902 1197 2078 1260 simul
2125 1215 2257 1277 per·
2299 1210 2364 1259 13

226 1283 512 1345 miscebis
558 1293 620 1343 et
663 1301 772 1362 pro
820 1283 1166 1363 malagmate
1213 1285 1406 1347 dolori
1450 1286 1653 1347 lateris
1700 1287 1981 1366 adpones·

1057 1477 1214 1539 CAP.
1262 1478 1435 1540 XXV.

227 1590 660 1648 Lumborum
722 1591 794 1644 et
856 1601 1185 1645 coxarum
1250 1590 1602 1646 doloribus
1666 1594 1738 1647 et
1799 1591 2056 1661 torpori
2116 1591 2260 1649 sive

322 1678 613 1736 sciaticis
658 1677 960 1734 remedia
1004 1678 1286 1748 physica
1331 1682 1401 1735 et
1445 1679 1868 1736 rationabilia.
1913 1679 2181 1736 diversa

929 1767 1014 1822 de
1064 1767 1566 1836 experimentis.

410 1905 499 1965 Ad
546 1903 882 1965 lumborum
931 1902 1195 1964 dolorem
1243 1906 1475 1966 curatio
1520 1907 1739 1986 optima
1797 1905 1971 1965 haec:
2035 1904 2257 1967 Cucur·
2298 1920 2327 1968 1

229 1994 389 2054 bitae
437 1993 726 2054 silvestris
771 1992 1096 2053 floccorum
1144 2001 1246 2054 aut
1292 1995 1537 2055 seminis
1585 1992 1636 2054 X
1672 1992 1797 2075 1111,
1844 1992 2110 2073 pyrethri
2158 1993 2259 2074 111,

227 2100 464 2162 myrrae
513 2081 564 2142 X
598 2081 650 2141 Il
698 2084 760 2141 in
806 2080 1110 2161 pulverem
1155 2084 1409 2165 rediges,
1454 2101 1528 2144 ex
1576 2099 1695 2163 quo
1743 2083 1894 2143 flunt
1930 2082 2147 2161 pastilli
2185 2082 2258 2143 ad

144 2189 202 2231 ιτ»
228 2189 572 2232 mensuram
619 2170 1002 2231 denariorum
1042 2171 1322 2233 binorum
1362 2172 1453 2233 vel
1489 2170 1886 2252 singulorum3
1931 2171 2149 2232 dantur
2186 2189 2260 2232 ex

227 2262 395 2339 passi
439 2259 665 2339 cyathis
708 2258 901 2320 tribus
939 2261 1139 2321 mixtis
1176 2279 1363 2340 aquae
1401 2261 1673 2341 pluvialis
1710 2259 1937 2340 cyathis
1974 2279 2105 2341 sex3
2153 2261 2257 2322 sed

229 2348 344 2428 his,
393 2347 611 2427 quibus
656 2347 771 2408 hoc
816 2351 1144 2411 remedium
1194 2350 1455 2412 dandum
1502 2360 1610 2432 est,
1656 2349 1822 2411 alvus
1868 2350 1993 2410 acri
2035 2348 2257 2430 clysmo

228 2455 403 2497 mane
450 2435 811 2497 detrahenda
859 2445 966 2497 est.

410 2525 498 2587 Ad
546 2524 883 2586 lumborum
932 2525 1194 2587 dolorem
1244 2535 1305 2588 et
1350 2527 1704 2608 paralyticos
1749 2527 2048 2588 antidotos
2093 2526 2259 2588 hiera
2296 2540 2329 2589 2

143 2632 202 2673 20
230 2614 453 2676 medici
479 2614 655 2675 Pacci
683 2614 974 2693 Antiochi,
1013 2633 1164 2693 quae
1202 2614 1416 2676 melius
1446 2618 1606 2676 omni
1634 2616 2064 2678 medicamento
2094 2616 2260 2697 facit3

231 2704 337 2765 sed
379 2711 440 2764 et
477 2703 549 2763 ad
587 2702 900 2782 paralysim
939 2704 1190 2765 mirifice
1226 2704 1340 2766 hoc
1379 2722 1628 2784 acopum
1665 2705 1825 2785 facit,
1868 2723 1986 2785 quo
2024 2712 2262 2784 oportet

231 2794 538 2854 infirmum
587 2794 648 2852 in
697 2791 818 2851 sole
858 2792 961 2852 diu
998 2792 1202 2853 fricari
1237 2802 1342 2854 aut
1376 2794 1509 2854 foco
1547 2792 1779 2854 flamma
1817 2793 2263 2875 praecalefacto,

228 2883 453 2958 recipit
488 2880 662 2941 haec:
708 2878 841 2940 Olei
878 2880 1082 2942 Sabini
1121 2880 1170 2941 X
1209 2900 1334 2962 sex,
1380 2883 1719 2943 cucumeris
1755 2881 2007 2942 silvatici
2042 2882 2261 2942 radicis

229 2970 493 3031 recentis
531 2968 583 3029 X
620 2967 747 3046 XV„
812 2968 971 3030 Haec
1009 2969 1177 3030 radix
1213 2973 1277 3032 in
1314 2971 1721 3050 magnitudine
1757 2969 2051 3049 iuglandis
2089 2971 2260 3031 nucis

142 3076 198 3116 25
227 3059 469 3119 concisa
527 3075 664 3117 vaso
721 3057 888 3118 fictili
945 3077 1095 3119 novo
1151 3078 1223 3119 ex
1270 3058 1400 3120 oleo
1448 3061 1754 3139 coquitur,
1810 3059 1999 3120 donec
2048 3078 2257 3121 sucum

226 3164 467 3207 omnem
514 3147 779 3207 remittat
824 3154 885 3207 et
932 3149 1102 3225 quasi
1147 3147 1309 3208 arida
1359 3149 1467 3229 sit;
1524 3157 1660 3227 post
1705 3148 1818 3208 hoc
1866 3148 2034 3209 radix
2081 3148 2258 3210 abici-

226 3247 328 3297 tur
366 3245 429 3295 et
466 3254 573 3313 per
609 3235 860 3296 linteum
898 3243 1001 3296 aut
1037 3235 1231 3296 colum
1274 3239 1621 3298 transmisso
1654 3236 1784 3297 oleo
1814 3236 2088 3318 adicitur,
2115 3237 2259 3296 dum

409 3393 442 3442 6
480 3387 823 3443 marribium.
972 3394 1039 3443 10
1077 3388 1348 3459 cedrium]
1387 3389 1597 3444 ebriam

407 3459 491 3514 tit.
530 3458 805 3514 sceaticis.

410 3535 479 3583 20
514 3531 704 3600 Pacci]
745 3529 882 3585 acci.
1059 3537 1125 3586 21
1163 3531 1318 3586 fecit.
1483 3537 1552 3585 22
1589 3529 1927 3598 flammaque
1966 3528 2257 3584 calefacta

224 3606 292 3656 27
334 3599 743 3655 transmissum.
