2575 4092
213 502 280 550 31

214 946 283 995 32

215 1123 282 1172 33

216 1301 284 1350 34

163 1441 169 1445 ’
215 1478 282 1527 35

215 1568 284 1616 33

217 1834 282 1882 37

217 2100 285 2148 as

219 2277 285 2326 39

220 2631 288 2679 40

221 3429 290 3475 41

1097 271 1172 281 --
1277 236 1577 300 124—

321 402 472 460 cinis
524 400 795 479 prodest,
855 400 907 459 si
962 416 1034 459 eo
1090 398 1302 459 dentes
1356 400 1732 460 infricentur.
1814 396 2058 458 Vermes
2103 399 2352 479 terreni,

320 489 381 549 id
428 497 522 549 est
566 487 864 568 lumbrici,
910 487 1146 549 decocti
1190 488 1253 548 in
1300 488 1429 548 oleo
1477 495 1538 548 et
1584 487 1712 547 triti
1756 486 2157 547 infunduntur
2192 488 2352 547 auri-

320 577 488 639 culae
535 576 609 637 ab
656 595 725 638 ea
768 587 967 657 parte,
1022 595 1140 656 qua
1185 575 1396 638 dentes
1442 576 1673 655 dolent3
1730 576 2058 637 eorundem
2114 585 2350 636 exusto-

318 685 455 727 rum
501 667 791 726 vermium
838 668 988 726 cinis
1036 664 1317 726 dentibus
1364 668 1523 727 cavis
1568 664 1663 725 vel
1707 663 2050 726 dolentibus
2086 666 2352 725 insertus

320 764 382 817 et
437 773 573 816 cera
630 763 875 833 opertus
932 753 1103 814 facile
1161 754 1375 815 cadere
1433 772 1537 815 eos
1593 755 1780 833 cogit,
1843 752 2097 814 conburi
2150 761 2353 813 autem
2379 772 2406 813 5
2511 755 2525 793 ⁵

320 843 541 906 debent
586 852 738 904 testa
781 842 1080 904 candenti.
1154 843 1444 904 Ossorum
1491 861 1563 903 ex
1610 842 1849 921 ungulis
1897 843 2163 920 porcinis
2212 860 2353 902 con-

322 933 638 994 bustorum
686 934 839 993 cinis
895 950 1004 1012 pro
1062 931 1403 993 dentifricio
1458 930 1697 992 habitus
1752 930 2078 1010 plurimum
2138 930 2354 991 confir—

320 1022 552 1083 mandis
598 1021 879 1082 dentibus
923 1020 1187 1099 prodest.
1268 1021 1358 1081 Ad
1405 1021 1617 1081 dentes
1663 1038 1838 1080 cavos
1884 1028 1946 1081 et
1990 1037 2219 1094 exesoS‚
2275 1037 2354 1079 ne

322 1113 562 1190 penitus
600 1109 927 1170 exeduntur
964 1117 1069 1170 aut
1105 1109 1399 1192 excidant,
1437 1110 1619 1170 facies
1655 1109 1799 1172 hoc:
1845 1108 2154 1189 Gummen,
2193 1107 2354 1187 quod

321 1203 384 1261 in
429 1198 651 1259 hedera
696 1200 981 1277 nascitur,
1028 1217 1169 1259 cavo
1207 1199 1372 1259 denti
1409 1201 1674 1259 inserito.
1738 1196 2056 1274 Harenula,
2101 1214 2250 1276 quae
2289 1199 2354 1257 in
2385 1218 2437 1258 ιο
2494 1197 2520 1236 ¹⁰

323 1287 541 1349 cocleis
578 1289 897 1367 invenitur,
935 1287 1101 1347 denti
1138 1305 1280 1348 cavo
1320 1296 1381 1348 et
1418 1287 1642 1348 dolenti
1676 1288 1902 1347 inserta
1936 1288 2138 1347 statim
2174 1285 2352 1365 prod·
2392 1330 2396 1333 <

323 1386 432 1438 est.
515 1376 808 1437 Gummen
864 1378 1136 1456 cupressi
1191 1378 1414 1454 optime
1471 1376 1638 1456 facit,
1694 1378 1746 1435 si
1799 1378 2094 1436 insertum
2142 1373 2237 1434 die
2283 1392 2354 1434 ac

322 1474 498 1527 nocte
544 1467 607 1525 in
654 1476 796 1525 cavo
844 1465 1022 1525 dente
1061 1467 1473 1543 permanserit.
1544 1464 1621 1525 Ut
1659 1464 1923 1524 labantes
1962 1464 2173 1524 dentes
2212 1481 2352 1523 con·

324 1557 544 1636 firmeS,
582 1555 848 1635 cedrum,
887 1572 1005 1633 quo
1044 1552 1183 1614 libri
1219 1563 1657 1634 perunguntur,
1692 1554 1756 1613 in
1794 1571 1898 1613 ore
1929 1571 2106 1632 quam
2144 1553 2354 1613 diutis-

323 1646 472 1705 sime
520 1653 655 1705 tene
703 1650 764 1704 et
810 1641 1063 1704 subinde
1111 1645 1415 1740 recentius
1453 1644 1700 1723 sumito;
1746 1660 1867 1702 non
1905 1641 2097 1702 solum
2144 1640 2355 1701 dentes
2383 1660 2437 1701 15
2495 1643 2520 1682 ¹⁵

324 1732 721 1812 confirmabiS,
757 1750 966 1792 verum
1006 1733 1185 1792 etiam
1223 1731 1489 1792 dolorem
1528 1749 1738 1791 eorum
1779 1741 2032 1792 averteS.
2107 1729 2355 1809 Saepiae

325 1840 392 1883 os
437 1821 532 1882 vel
576 1823 768 1901 ipsius
826 1820 1172 1882 combustae
1230 1832 1292 1881 et
1337 1840 1407 1881 ex
1455 1819 1629 1880 melle
1677 1822 1967 1881 contritae
2015 1818 2209 1898 pulvis
2256 1817 2356 1879 ad·

325 1914 477 1972 iecta
524 1920 692 1988 gutta
738 1911 1088 1970 ammoniaci
1134 1911 1388 1987 gingivis
1435 1918 1497 1970 et
1542 1908 1822 1969 dentibus
1863 1908 2127 1987 prodest,
2174 1910 2226 1968 si
2273 1909 2357 1968 ita

327 2000 744 2079 perfricentur,
792 2007 859 2059 ut
906 2017 978 2059 ex
1026 2016 1094 2059 eo
1143 1997 1293 2058 nihil
1337 2001 1399 2058 in
1447 1998 1649 2059 fauces
1687 1998 2023 2059 descendat.
2098 1996 2356 2075 Caprino

326 2089 475 2149 lacte
514 2090 747 2149 recenti
782 2090 940 2148 sicut
976 2086 1234 2148 mulsum
1272 2087 1456 2147 fuerit
1493 2106 1559 2148 os
1596 2087 1843 2148 adsidue
1882 2085 2166 2147 collutum
2195 2084 2354 2145 labo—
2384 2107 2439 2145 20
2493 2085 2521 2125 ²⁰

326 2186 529 2237 rantes
589 2194 662 2237 ex
717 2178 842 2237 ictu
899 2176 1109 2236 dentes
1165 2176 1494 2238 confirmat.
1587 2175 1851 2237 Lentisci
1911 2175 2145 2236 decocti
2203 2192 2355 2253 aqua

325 2269 482 2327 intra
537 2283 606 2325 os
653 2265 1000 2343 frequenter
1047 2264 1288 2324 detenta
1336 2263 1545 2326 dentes
1591 2265 1928 2345 confirmat3
1986 2264 2144 2324 idem
2186 2280 2355 2343 prae·

326 2362 443 2415 stat
488 2355 758 2433 asparagi
795 2352 1048 2413 silvatici
1086 2371 1295 2430 sucuS,
1341 2353 1500 2414 idem
1538 2362 1596 2414 et
1635 2354 1995 2414 omfacinum
2034 2352 2247 2432 oleum,
2292 2352 2356 2412 id

327 2451 419 2504 est
472 2435 695 2503 bonum
753 2441 968 2521 viride,
1025 2443 1079 2501 si
1133 2441 1389 2503 calidum
1445 2444 1509 2502 in
1568 2460 1671 2503 ore
1728 2451 2029 2523 teneatur3
2086 2440 2246 2501 idem
2297 2452 2358 2501 et

325 2530 487 2592 inula
543 2549 577 2591 a
631 2531 833 2590 ieiuno
890 2530 1376 2591 commanducata
1435 2531 1775 2609 praestabit.
1859 2530 1935 2591 Ut
1985 2530 2250 2592 labantes
2297 2541 2359 2592 et
2387 2549 2441 2590 25
2494 2529 2519 2570 ²5

327 2620 597 2681 dolentes
627 2619 837 2679 dentes
857 2618 1027 2680 facile
1058 2621 1340 2700 excutiaS,
1372 2638 1581 2681 sucum
1610 2619 1868 2680 hederae
1898 2621 2102 2698 nigrae
2127 2618 2358 2680 adiecto

326 2707 578 2788 pausillo
627 2707 742 2767 olei
789 2707 995 2768 viridis
1042 2708 1256 2768 habeto
1306 2711 1637 2788 repositum
1683 2727 1751 2769 ac
1798 2715 2242 2789 praeparatum,
2290 2716 2360 2769 ut

327 2815 466 2858 cum
502 2814 655 2877 opus
685 2796 866 2857 fuerit
903 2814 1078 2858 nares
1116 2815 1191 2857 ex
1229 2815 1300 2857 eo
1340 2800 1649 2876 contingas
1684 2797 1870 2875 digito
1909 2797 2000 2858 vel
2037 2796 2359 2879 perfrices3

327 2904 446 2966 quo
505 2886 660 2947 sacto
718 2887 997 2966 spiritum
1052 2884 1417 2966 aliquamdiu
1463 2889 1792 2947 introrsum
1850 2886 2082 2965 trahes,
2141 2885 2357 2946 deinde
2408 2896 2413 2902 ’

328 2974 554 3035 calculo
603 2973 880 3036 dentibus
928 2974 1339 3054 conprehenso
1389 2976 1576 3036 hianti
1624 2993 1728 3035 ore
1778 2992 2046 3035 umorem
2100 2992 2354 3054 omnem,
2383 2993 2441 3033 3ο
2493 2973 2523 3015 ³⁰

330 3065 436 3143 qui
472 3081 544 3123 ex
584 3064 794 3141 pituita
833 3072 1176 3124 contractus
1214 3066 1348 3144 erit,
1395 3064 1657 3125 defluere
1703 3065 2044 3143 permittes3
2090 3062 2360 3123 infinitus

331 3154 488 3212 enim
518 3151 798 3212 decurret
825 3170 1018 3230 usque
1056 3153 1129 3213 ad
1168 3154 1351 3213 trium
1390 3152 1764 3213 heminarum
1802 3170 2159 3213 mensuram.
2216 3150 2361 3213 Post

330 3241 491 3320 quod
529 3238 658 3300 oleo
696 3258 850 3318 puro
890 3240 1135 3302 naribus
1180 3241 1465 3319 perfricto
1505 3250 1565 3302 et
1602 3243 1739 3301 vino
1778 3259 1881 3301 ore
1921 3241 2108 3302 diluto
2148 3241 2361 3301 dentes

331 3332 460 3390 sine
508 3328 711 3389 dolore
758 3338 937 3390 erunt
981 3337 1042 3390 et
1087 3330 1256 3389 facile
1306 3330 1710 3391 extrahentur.
1785 3330 1874 3389 Ad
1913 3329 2170 3409 epiforas
2218 3329 2358 3390 den·

329 3420 479 3479 tium
539 3426 600 3478 et
652 3420 958 3499 pituitam,
1014 3420 1065 3479 si
1120 3420 1182 3478 in
1230 3418 1440 3479 dentes
1487 3419 1791 3499 inciderit,
1848 3437 2022 3497 quam
2072 3419 2361 3499 epiforam
2387 3437 2444 3477 35

474 3611 539 3660 13
578 3607 848 3662 labentes.
996 3612 1065 3661 23
1103 3607 1470 3661 omfacenum.
1615 3608 1674 3679 a]
1713 3606 1802 3662 ad.
1941 3614 2008 3661 33
2047 3607 2168 3678 ore]
2209 3625 2288 3664 os.
