2575 4092
216 419 285 468 49

215 1215 284 1265 50

218 1569 286 1619 51

1105 275 1178 285 —
1277 238 1583 305 340-

503 405 880 483 Apostemata
930 410 998 463 ut
1043 400 1454 462 remolliantur
1500 407 1603 461 aut
1650 400 1703 460 si
1747 399 1945 460 mollia
1992 399 2241 479 fuerint,
2298 408 2368 460 ut

324 495 767 573 dispargantur,
825 492 1005 552 facies
1050 490 1546 552 medicamentum
1593 487 1737 570 tale,
1785 507 1903 568 quo
1950 487 2098 548 nihil
2145 495 2365 566 poten-

323 584 443 643 tius
499 589 618 643 est:
683 579 917 641 Herbae
972 578 1262 640 marrubii
1320 577 1456 638 folia
1512 577 1720 638 viridia
1774 577 2105 638 contundes
2152 584 2263 638 aut
2312 580 2364 638 si

323 670 532 731 viridia
579 687 699 729 non
746 670 989 750 fuerint,
1034 667 1298 729 involuta
1344 666 1501 728 soliis
1547 665 1769 727 malvae
1817 665 1909 726 vel
1952 684 2360 744 personaceae

322 758 434 820 sub
491 761 691 820 cinere
750 757 939 819 calido
995 774 1244 837 coques3
1300 754 1514 816 deinde
1569 772 1781 834 panem
1835 754 2149 816 candidum
2193 756 2359 816 insu·
2390 771 2417 812 ε

321 865 456 908 sum
502 849 638 908 vino
686 849 876 909 veteri
921 845 1102 907 addes
1148 853 1209 907 et
1250 848 1564 924 axungiam
1602 844 1884 905 miscebis
1922 851 1983 904 et
2017 844 2240 905 tundes
2283 844 2356 905 de

320 935 482 1015 ligno
539 938 601 997 in
658 935 851 1016 lignea
904 934 1050 1017 pila,
1112 934 1214 995 sed
1273 933 1646 1012 observabiS,
1703 940 1772 993 ut
1825 935 1996 1012 panis
2049 932 2233 994 infusi
2298 940 2361 994 et

321 1028 611 1104 axungiae
641 1034 841 1103 partes
872 1023 1137 1102 singulae
1167 1025 1305 1103 sint,
1340 1022 1561 1083 herbae
1589 1040 1732 1082 vero
1758 1029 1960 1101 partes
1988 1021 2156 1102 duae,
2188 1021 2356 1100 quod

322 1113 628 1193 emplastri
674 1131 840 1173 more
885 1130 1058 1172 mane
1104 1119 1165 1172 et
1211 1129 1348 1171 sero
1394 1111 1543 1172 locis
1590 1112 1944 1171 necessariis
1987 1112 2282 1189 impones,

503 1200 854 1280 Inguinibus
886 1199 1157 1261 mirabile
1186 1198 1426 1261 exhibet
1453 1199 1784 1260 remedium
1814 1217 1887 1259 ex
1915 1198 2232 1277 gallinacea
2265 1198 2358 1259 ala
2388 1216 2443 1255 ιο

325 1289 648 1351 ossiculum
688 1296 1022 1350 extremum
1064 1288 1357 1349 cocleario
1395 1287 1764 1349 terebratum
1801 1286 2091 1366 nodisque
2121 1295 2356 1368 septem

322 1379 460 1439 licio
507 1378 753 1457 ligatum
801 1385 978 1458 atque
1024 1380 1107 1439 ita
1154 1376 1398 1438 brachio
1444 1378 1536 1438 vel
1579 1377 1746 1438 cruri
1783 1378 1913 1437 eius
1947 1378 2153 1457 partie,
2199 1394 2356 1456 quae

323 1470 566 1546 inguina
612 1465 811 1548 habet,
856 1484 1229 1546 suspensum.

505 1556 718 1635 Lipara
756 1555 827 1616 ad
866 1558 1273 1632 intertrigines
1311 1557 1425 1615 sic:
1472 1553 1778 1634 Cerussae,
1821 1572 2064 1633 spumae
2101 1556 2356 1634 argenti,

323 1644 616 1707 medullae
654 1647 946 1725 cervinae,
985 1646 1111 1705 sevi
1147 1646 1373 1704 cervini
1408 1642 1592 1703 libras
1622 1642 1900 1723 singulas,
1937 1660 2186 1703 ovorum
2214 1651 2355 1704 octo
2380 1660 2439 1701 15

323 1733 541 1814 album,
589 1734 711 1793 vini
759 1733 899 1794 boni
938 1735 1271 1813 quartarios
1309 1731 1434 1811 1111,
1471 1733 1626 1792 turis
1662 1731 1903 1811 pollinis
1940 1733 2144 1793 uncias
2184 1740 2355 1811 quat·

321 1831 478 1903 tuor,
510 1840 680 1882 rosae
710 1821 1039 1901 Campanae
1068 1820 1131 1882 P.
1162 1839 1367 1901 unum,
1396 1820 1672 1880 aluminis
1700 1823 2080 1882 semunciam.
2136 1819 2354 1882 Cerus-

233 1929 239 1935 ·
322 1928 447 1971 sam
506 1917 566 1970 et
622 1928 889 1990 spumam
945 1909 1189 1990 tundeS,
1251 1916 1449 1970 cetera
1505 1911 1775 1970 remittes
1831 1917 1892 1970 et
1945 1911 2009 1970 in
2063 1912 2351 1970 mortario
2554 1921 2555 1992 ᾗ

214 2101 283 2150 52

251 3603 284 3650 2

318 1999 571 2061 terendo
622 2001 894 2060 universa
941 1997 1239 2060 miscebis,

498 2088 872 2167 Porriginem
918 2089 1367 2166 intertriginum
1414 2086 1740 2147 interficies
1775 2086 1891 2147 hoc
1929 2086 2349 2149 medicamine:
2377 2104 2431 2144 so

321 2175 497 2256 Picis,
546 2177 798 2256 resinae,
846 2194 1037 2256 cerae,
1083 2175 1304 2256 butyri,
1352 2177 1478 2235 sevi
1523 2177 1778 2256 caprini,
1826 2193 2070 2254 spumae
2117 2179 2353 2254 argenti

320 2266 515 2324 unciis
563 2263 812 2341 singulis
858 2267 921 2324 in
968 2282 1153 2324 unum
1200 2265 1530 2343 permixtiS,
1577 2265 1630 2324 si
1675 2265 1864 2325 utaris
1909 2262 2173 2324 adsidue.

1099 2458 1256 2520 CAP.
1303 2457 1565 2519 xxxm.

318 2569 638 2639 cepariae
695 2571 764 2626 et
817 2573 1089 2627 veretro
1135 2569 1278 2625 sive
1325 2570 1643 2627 verendis
1688 2569 2002 2625 virilibus
2049 2572 2119 2625 et
2161 2569 2350 2626 teeti-

320 2658 493 2715 eulis
549 2657 939 2716 dolentibus
993 2659 1108 2715 vel
1158 2658 1617 2728 pendentibus
1681 2661 1751 2714 et
1806 2658 2141 2714 hernioaie
2204 2659 2349 2715 sive

318 2746 481 2803 viris
536 2747 679 2804 sive
734 2748 1109 2804 infantibus
1165 2749 1232 2804 et
1286 2747 1497 2804 rebus
1552 2747 1840 2804 veneriis
1895 2749 1965 2802 et
2009 2747 2347 2804 eunuchis

320 2836 464 2894 eine
516 2838 706 2894 ferro
762 2835 1092 2893 faciendis
1135 2837 1439 2894 remedia
1483 2836 1764 2907 physica
1809 2839 1879 2892 et
1922 2835 2348 2893 rationabilia

863 2926 1130 2982 diversa
1176 2926 1261 2982 de
1310 2924 1811 2995 experimentis.

496 3060 582 3120 Ad
638 3061 902 3123 testiculi
956 3070 1222 3124 tumores
1277 3064 1548 3143 cupressi
1604 3061 1785 3123 bacae
1840 3079 1910 3121 ex
1958 3063 2096 3122 vino
2144 3068 2344 3122 coctae

321 3151 684 3210 conveniunt
739 3160 800 3210 et
856 3150 986 3211 faba
1046 3153 1218 3229 quasi
1283 3149 1586 3212 concicula
1655 3168 1790 3212 cum
1854 3149 2042 3211 multo
2107 3152 2345 3214 cumino

320 3245 488 3299 cocta
535 3248 596 3300 et
642 3238 909 3319 adposita
957 3258 1123 3300 more
1171 3239 1606 3318 cataplasmatis
1653 3256 1886 3300 necnon
1924 3246 1985 3299 et
2021 3256 2135 3299 uva
2172 3257 2344 3318 passa
2370 3251 2421 3296 25

320 3345 457 3387 cum
514 3330 753 3388 cumino
810 3335 1057 3389 contusa
1113 3336 1174 3388 et
1228 3336 1439 3408 tepens
1485 3328 1752 3407 adposita
1798 3325 2125 3407 plurimum
2171 3328 2345 3406 prod-

321 3424 439 3496 est3
496 3415 567 3476 ad
628 3419 850 3477 veretri
894 3434 1037 3478 vero
1082 3425 1381 3478 tumorem
1426 3416 1645 3477 lentem
1694 3434 1764 3477 ex
1811 3434 1961 3495 aqua
2009 3424 2241 3477 coctam
2286 3425 2347 3477 et

320 3506 522 3565 tritam
570 3507 795 3584 imponi
841 3505 1225 3568 utilissimum
1271 3515 1379 3567 est.

503 3591 568 3651 Si
621 3591 792 3654 ulcus
848 3597 909 3654 in
964 3612 1118 3673 pene
1174 3594 1478 3656 sordidum
1537 3594 1719 3655 fuerit
1772 3601 1875 3654 aut
1928 3611 2148 3655 cancer
2200 3594 2344 3657 illud
