2575 4092
232 2177 298 2225 14

234 3061 299 3111 15

1091 232 1574 298 —224—

327 395 913 474 conprehendantur.
977 393 1136 455 Haec
1181 397 1347 474 potio
1385 394 1478 455 his
1516 394 1709 455 modis
1746 396 1966 455 ieiunis
2004 393 2191 454 danda
2232 388 2359 456 est:

327 485 550 545 niliacis
597 494 658 545 et
703 483 933 565 coliciS,
990 486 1096 563 qui
1150 485 1278 544 sine
1327 483 1493 545 febre
1541 491 1744 561 erunt,
1800 502 1874 543 ex
1925 501 2072 563 aqua
2122 482 2362 564 frigida,

327 572 736 634 febriculentis
774 591 845 633 ex
885 591 1053 653 aqua,
1100 574 1163 633 in
1210 590 1326 651 qua
1364 571 1645 633 anethum
1683 572 1754 632 ad
1791 574 2001 632 tertias
2038 570 2363 633 decoctum

328 662 536 740 fuerit,
592 664 652 722 in
711 660 1102 723 declinatione
1149 679 1288 722 vero
1337 660 1521 721 febris
1567 660 1638 721 ad
1686 660 2154 739 magnitudinem
2203 660 2363 721 avel-

326 749 512 830 lanae,
558 750 887 830 spleniticis
933 769 1006 811 ex
1048 768 1197 828 aqua
1237 768 1372 811 cum
1413 767 1666 828 cappare
1705 749 1945 810 decocta
1986 748 2215 829 cyathis
2250 751 2365 810 tri·
2394 767 2422 808 6

328 837 442 899 hus
498 839 904 919 magnitudine
961 858 1076 918 qua
1132 856 1338 918 supra,
1396 839 1643 917 epaticis
1702 837 2012 898 dimidium
2058 836 2366 899 avellanae

331 927 597 1009 modum,
655 927 1065 989 febriculentis
1120 945 1193 987 ex
1247 926 1610 1006 hydromelis
1665 927 1874 1005 cyatho
1933 926 2026 986 vel
2079 944 2151 986 ex
2205 945 2369 1006 aqua

330 1016 539 1097 mulsa,
583 1019 645 1078 in
694 1035 809 1095 qua
847 1017 1129 1076 anethum
1168 1033 1307 1076 cum
1345 1015 1602 1076 surculis
1637 1006 1766 1075 'suis
1804 1015 1987 1076 fuerit
2024 1014 2369 1096 decoctum,

330 1104 735 1186 orthopnoicis
789 1104 1195 1184 magnitudine
1247 1103 1542 1164 avellanae
1599 1106 1848 1165 remissa
1901 1104 1963 1164 in
2021 1105 2176 1163 aceti
2222 1104 2369 1164 scil·

329 1192 479 1253 litici
534 1192 889 1254 cocliaribus
946 1199 1227 1273 quattuor
1278 1211 1353 1253 ex
1409 1211 1595 1271 aquae
1642 1191 1863 1252 calidae
1912 1191 2140 1271 cyathis
2188 1202 2371 1271 quat·
2400 1210 2455 1251 10

331 1291 485 1361 tuor,
523 1281 592 1341 ad
633 1299 935 1359 spasmum
973 1290 1033 1343 et
1070 1280 1268 1341 cordis
1302 1281 1570 1343 dolorem
1598 1281 1689 1342 vel
1718 1289 2038 1342 tremorem
2069 1300 2141 1341 ex
2169 1299 2371 1360 aquae

331 1368 556 1429 mulsae
604 1369 814 1447 cyatho
861 1369 1267 1449 magnitudine
1317 1370 1628 1432 avellanae.
1705 1368 1794 1430 Ad
1840 1369 2044 1430 lateris
2093 1368 2371 1431 dolorem

334 1476 405 1517 ex
453 1476 604 1536 aqua
651 1457 840 1519 mulsa
886 1459 1294 1539 magnitudine
1341 1458 1633 1520 avellanae
1671 1466 1879 1519 contra
1923 1466 2158 1519 noctem
2198 1457 2373 1519 dabi-

331 1554 449 1627 tur,
496 1547 567 1607 ad
616 1545 912 1626 singultus
960 1557 1021 1609 et
1067 1548 1286 1627 quibus
1333 1548 1523 1627 frigus
1570 1549 1748 1608 etiam
1791 1556 2013 1608 aestate
2050 1546 2374 1629 insederit,

333 1654 404 1695 ex
453 1654 602 1715 aqua
650 1635 841 1697 mulsa
887 1636 1061 1698 modo
1110 1635 1430 1717 avellanae3
1491 1635 1765 1714 pthisicis
1820 1653 1894 1695 ex
1941 1653 2086 1696 suco
2133 1637 2373 1698 tisanae
2403 1655 2453 1696 ιε

333 1724 425 1785 vel
471 1742 544 1784 ex
590 1724 769 1785 mulsi
814 1726 1041 1805 cyathis
1080 1725 1273 1787 tribus
1311 1724 1487 1785 modo
1523 1724 1837 1805 avellanae,
1874 1724 2253 1803 dysintericis
2295 1745 2375 1786 ex

332 1830 510 1891 posca
560 1814 786 1893 cyathis
834 1814 1067 1875 duobus
1105 1814 1279 1874 modo
1319 1815 1533 1874 ciceris
1571 1814 1823 1895 arietini,
1870 1815 2251 1891 auruginosis
2294 1833 2374 1874 ex

333 1920 519 1979 aquae
567 1901 792 1963 mulsae
841 1903 1067 1983 cyathis
1114 1901 1349 1963 duobus
1405 1902 1698 1963 avellanae
1754 1900 2029 1983 duplum,
2084 1902 2374 1980 dysuriae

334 1998 396 2051 et
451 1989 678 2052 calculo
735 2010 807 2052 ex
855 2010 1041 2071 aquae
1089 1990 1316 2070 cyathis
1363 1990 1582 2071 trihus,
1629 1992 1692 2050 in
1740 2008 1856 2070 qua
1902 1997 2028 2050 tres
2074 1991 2375 2071 manipuli

335 2080 452 2158 apii
499 2079 724 2139 fuerint
770 2079 1019 2161 decocti,
1065 2079 1473 2158 magnitudine
1520 2078 1833 2140 avellanae.
2402 2098 2453 2137 80

512 2165 680 2227 Potio
727 2167 798 2227 ad
840 2185 980 2245 epar
1017 2168 1351 2248 utilissima,
1396 2176 1703 2246 praeterea
1743 2167 1888 2228 haec
1926 2167 2057 2246 ipsa
2092 2185 2376 2246 comper-

335 2263 462 2314 tum
510 2262 571 2314 et
614 2264 1109 2332 praesentaneum
1158 2257 1486 2317 remedium
1536 2263 1628 2317 est
1675 2257 1852 2316 etiam
1899 2255 1970 2315 ad
2017 2254 2221 2316 lateris
2260 2256 2375 2317 do-

334 2342 540 2423 lorem,
586 2345 802 2423 accipit
847 2343 1020 2406 haec:
1074 2344 1307 2423 Piper-is
1357 2379 1438 2387 —-
1477 2344 1521 2424 I,
1569 2346 1721 2405 costi
1771 2377 1847 2388 —
1891 2344 1934 2424 1,
1981 2344 2171 2423 lupini
2218 2347 2378 2407 sicci

336 2434 517 2492 amari
565 2465 649 2475 —-
688 2432 731 2492 1.
801 2430 960 2493 Haec
1008 2436 1202 2493 omnia
1252 2435 1409 2493 sicca
1457 2442 1633 2494 tunsa
1672 2431 1927 2494 cribrata
1966 2435 2144 2493 mixta
2185 2435 2378 2496 simul

336 2538 616 2603 repones3
673 2540 807 2582 cum
865 2540 1017 2600 opus
1073 2522 1271 2602 fuerit,
1320 2539 1505 2582 unum
1560 2519 1828 2582 cocleare
1874 2521 2114 2601 plenum
2161 2521 2257 2582 vel
2321 2525 2377 2583 si
2404 2539 2455 2580 2⁵

336 2611 494 2669 vires
541 2611 901 2670 infirmiores
950 2618 1116 2693 sunt,
1163 2628 1391 2691 rasum,
1438 2610 1495 2670 id
1546 2618 1639 2670 est
1683 2609 1996 2691 ruclatum,
2043 2628 2180 2670 cum
2228 2613 2374 2672 vino

336 2704 575 2757 austero
621 2699 821 2759 ieiuno
870 2702 1099 2778 epatico
1137 2718 1245 2777 per
1284 2699 1412 2758 dies
1451 2707 1575 2759 tres
1612 2698 1706 2759 vel
1744 2701 2007 2779 quinque
2046 2700 2374 2761 continuos

337 2785 529 2866 dahis,
585 2788 665 2846 ita
723 2794 791 2847 ut
848 2789 907 2848 in
969 2807 1037 2848 eo
1093 2787 1278 2848 latere
1336 2787 1703 2866 conplicatus
1760 2787 2120 2867 aIIquamdiu
2174 2789 2376 2849 iaceat

336 2882 398 2934 et
443 2877 748 2954 cooperiat
794 2893 857 2935 se
906 2878 1080 2957 sagIS,
1128 2884 1187 2937 et
1234 2894 1370 2937 cum
1420 2877 1686 2955 coeperit
1731 2876 1964 2957 sudare,
2011 2875 2165 2936 levet
2203 2894 2268 2936 se
2311 2886 2374 2938 et

337 2962 676 3024 deambulet
720 2963 840 3024 diu.
2399 2982 2454 3024 so

515 3052 662 3112 Item
701 3060 1011 3131 expertum
1051 3062 1229 3130 atque
1268 3053 1414 3113 utile
1454 3052 1524 3113 ad
1565 3071 1708 3132 epar
1745 3053 2074 3112 remedium
2105 3052 2179 3113 de
2209 3051 2373 3114 foliis

338 3140 438 3200 fici
483 3140 682 3220 aridiS,
728 3140 787 3200 id
836 3149 927 3201 est
966 3143 1202 3202 siccatis
1241 3141 1353 3202 sub
1397 3142 1605 3202 umbra
1646 3149 1706 3201 et
1742 3141 2017 3201 arefactis
2054 3143 2215 3201 tritis
2253 3145 2373 3203 cri-

337 3228 649 3310 hlatisque,
697 3229 769 3289 de
818 3248 936 3310 quo
982 3230 1228 3309 pulvere
1276 3249 1412 3291 cum
1461 3230 1699 3291 condito
1748 3230 1818 3290 ad
1867 3247 2209 3290 mensuram
2251 3233 2370 3291 tria

520 3389 549 3437 7
587 3381 934 3438 hidromelis.
1118 3388 1149 3436 9
1188 3383 1548 3453 ortopnoiciS.
1711 3382 1994 3437 remissae.
2151 3382 2368 3439 scilliti.

340 3459 409 3507 14
446 3453 740 3524 singultos.
888 3459 953 3508 15
989 3451 1304 3522 pthipsicis.
1449 3455 1725 3509 thisanae.
1834 3459 1930 3509 ·16
1970 3451 2370 3511 disinthericis.

338 3529 405 3576 21
440 3527 806 3594 cumpertum.
949 3531 1016 3579 28
1045 3524 1126 3578 ita
1156 3526 1219 3578 ul:
1245 3527 1304 3578 in
1335 3542 1401 3580 eo
1429 3526 1607 3579 latere
1636 3523 2007 3596 conplicatus]
2035 3523 2369 3581 itasolatere

342 3592 671 3662 conplictuS.
817 3593 1160 3663 aliquandiu.
