2575 4092
1128 255 1198 264 —
1302 219 1611 284 272—-

350 379 569 459 pastilli
598 381 979 442 denariorum
1010 381 1382 461 singulorum
1412 389 1514 442 aut
1543 383 1902 463 semissium,
1939 389 2007 443 ut
2036 384 2200 443 iuxta
2229 390 2386 444 aeta-

350 475 473 529 tem
529 477 632 530 aut
685 470 1083 531 valetudinem
1140 471 1375 531 dentur.
1458 470 1689 532 Dantur
1743 478 1943 532 autem
1988 472 2206 532 ieiunis
2254 474 2384 533 sine

348 558 515 619 febre
564 577 636 619 ex
681 560 804 619 vini
848 561 1066 639 myrtei
1111 566 1214 621 aut
1260 559 1494 639 Signini
1541 559 1751 639 cyatho
1800 578 1918 621 uno
1970 578 2108 621 cum
2148 559 2383 622 duobus

349 665 535 726 aquae
584 650 785 725 mixto,
831 647 1311 710 febricitantibus
1360 667 1499 709 vero
1547 667 1620 709 ex
1667 666 1851 728 aquae
1902 648 2130 729 cyathis
2167 649 2382 711 tribuS.

346 735 474 797 Hoc
538 738 716 798 etiam
779 756 890 816 per
946 737 1292 818 clysterium
1346 739 1694 818 inmittitur,
1761 739 2037 817 quotiens
2104 738 2380 800 desurre-
2409 760 2434 802 ⁵

347 826 544 886 xerint
589 828 920 907 torminosi,
967 826 1186 907 quibus
1233 834 1294 887 et
1341 829 1392 888 si
1437 828 1696 905 graviter
1742 826 1948 888 afflicti
1992 835 2135 888 sunt
2180 829 2384 889 statim

346 915 609 992 prodest.

522 1004 612 1064 Ad
669 1004 984 1087 coeliacOS,
1040 1005 1102 1065 id
1149 1013 1241 1065 est
1288 1006 1394 1084 qui
1439 1004 1635 1066 subite
1682 1013 1745 1066 et
1788 1003 1975 1066 multa
2022 1004 2381 1087 defundunt,

347 1100 408 1153 et
453 1092 527 1153 ad
574 1092 766 1154 alvum
815 1095 1057 1154 citatam
1114 1101 1174 1154 et
1229 1094 1303 1154 ad
1350 1093 1499 1154 levia
1545 1093 1847 1154 interdum
1892 1095 2151 1154 tormina
2195 1094 2382 1155 medi-

346 1190 682 1242 camentum
747 1188 963 1261 potens
1029 1184 1148 1244 sic:
1223 1181 1554 1243 Sorborum
1620 1182 1924 1243 aridorum
1987 1190 2381 1245 contusorum
2407 1205 2458 1245 ιο

347 1267 410 1329 8
449 1269 520 1350 II,
566 1270 714 1331 rhus
763 1269 1010 1352 Syriaci,
1057 1289 1175 1350 quo
1227 1273 1359 1348 coci
1406 1278 1675 1353 utuntur,
1723 1269 1786 1332 ὃ*
1825 1271 1896 1353 11,
1944 1270 2095 1332 mala
2134 1280 2380 1350 granata

345 1360 609 1419 recentia
667 1357 747 1442 X,
802 1359 955 1419 mala
1011 1361 1272 1440 cydonea
1330 1367 1562 1422 matura
1609 1358 1680 1423 X.
1762 1359 1921 1421 Haec
1977 1367 2235 1440 utraque
2281 1380 2378 1422 co-

346 1455 566 1508 cuntur
620 1449 684 1508 in
738 1467 879 1527 sapa
933 1449 1088 1510 facta
1142 1468 1216 1510 ex
1272 1451 1456 1511 musti
1511 1449 1703 1510 adhuc
1758 1450 1821 1510 in
1879 1448 2035 1510 dolio
2090 1450 2378 1511 ferventis

345 1538 621 1598 sextariis
666 1539 912 1618 triginta
958 1557 1080 1621 sex,
1127 1556 1442 1619 quousque
1484 1537 1557 1598 ad
1596 1540 1886 1599 sextarios
1924 1538 2242 1599 duodecim
2278 1539 2400 1599 de·-

344 1633 681 1704 coquantur
737 1634 798 1688 et
852 1627 1041 1688 donec
1098 1627 1391 1689 malorum
1446 1629 1609 1688 coria
1653 1634 2100 1707 percoquantur
2146 1635 2209 1687 et
2256 1629 2377 1689 sint
2402 1650 2450 1691 ιε

343 1714 605 1796 madida3
654 1715 867 1777 deinde
913 1718 997 1777 ita
1038 1725 1317 1778 teruntur
1351 1716 1499 1777 haec
1538 1715 1706 1777 fictili
1740 1717 2043 1797 mortario,
2087 1724 2158 1777 ut
2194 1734 2378 1795 grana

344 1804 540 1863 omnia
596 1807 1101 1888 comminuantur,
1156 1814 1367 1885 postea
1421 1805 1570 1866 rhus
1625 1813 1686 1866 et
1740 1804 1918 1865 sorba
1973 1804 2137 1865 arida
2192 1805 2377 1866 admi-

343 1899 587 1954 scentur
642 1901 818 1955 tunsa
873 1904 934 1955 et
989 1895 1246 1955 cribrata
1303 1896 1539 1955 curiose
1585 1901 1646 1955 et
1691 1911 1831 1955 cum
1876 1912 2034 1975 sapa,
2082 1912 2235 1974 quae
2284 1903 2378 1955 est

341 1981 598 2063 residua,
635 1991 1064 2062 temperantur.
1121 1982 1414 2044 Omnibus
1452 2001 1593 2061 ergo
1632 1985 1695 2043 in
1734 2000 1923 2044 unum
1958 1982 2110 2043 bene
2147 1985 2375 2045 coactis

341 2074 654 2149 reponitur
695 2073 1194 2133 medicamentum
1231 2075 1296 2133 in
1324 2074 1516 2133 vitreo
1545 2090 1703 2152 vaso,
1742 2072 1960 2132 dantur
1987 2071 2126 2132 inde
2152 2073 2375 2133 ieiunis
2400 2093 2451 2134 so

341 2158 554 2236 ligulae
602 2160 753 2220 duae
800 2161 893 2220 vel
937 2169 1063 2222 tres
1110 2163 1239 2222 sine
1284 2161 1467 2223 ullius
1512 2163 1603 2221 rei
1649 2161 2025 2222 admixtione.

518 2248 799 2309 Pastillus
845 2249 919 2309 ad
965 2251 1325 2319 torminosos
1374 2251 1671 2314 efficacior
1713 2250 2027 2311 conficitur
2065 2251 2179 2310 sic:
2224 2249 2374 2310 Aca-

343 2337 466 2395 ciae
506 2335 557 2397 X
595 2336 720 2417 1111,
768 2339 932 2398 croci
967 2336 1019 2397 X
1055 2337 1126 2419 11,
1174 2338 1359 2418 gallae
1397 2337 1448 2399 X
1484 2337 1668 2420 VIIII,
1713 2338 2119 2418 hypocistidos
2154 2337 2209 2398 X
2245 2338 2375 2420 1111,

341 2424 476 2503 lycii
522 2424 574 2485 X
611 2424 737 2507 1111,
783 2444 1015 2506 myrrae
1062 2426 1114 2487 X
1151 2426 1278 2509 1111,
1323 2428 1490 2510 rhuS,
1537 2445 1655 2506 quo
1703 2429 1835 2488 coci
1879 2435 2152 2509 utuntur,
2195 2427 2375 2487 nardi

342 2512 570 2593 Syriaci
624 2516 849 2596 spicae,
905 2516 1089 2597 aloes,
1155 2516 1528 2595 singulorum
1583 2516 1860 2577 denarios
1914 2516 2090 2577 binos
2101 2563 2120 2597 ‚
2186 2518 2372 2598 anesi,
2401 2536 2452 2577 85

340 2606 618 2685 gummiS,
661 2604 1033 2683 singulorum
1079 2604 1132 2666 X
1177 2613 1400 2686 ternoS,
1446 2607 1673 2685 piperis
1711 2607 1867 2684 nigri
1903 2604 1956 2666 X
1992 2604 2062 2666 Π.
2137 2603 2372 2666 Terun-

338 2699 439 2751 tur
492 2691 639 2752 haec
696 2692 1013 2772 diligenter
1068 2701 1128 2754 et
1183 2711 1255 2755 ex
1303 2712 1447 2755 suco
1493 2693 1634 2754 rubi
1679 2692 2108 2756 cauliculorum
2154 2692 2249 2755 vel
2299 2713 2373 2754 ex

335 2782 473 2841 vino
524 2780 770 2860 Signino
818 2782 1061 2862 collyria
1106 2783 1440 2844 formantur
1484 2785 1608 2844 ritu
1651 2801 1877 2863 eorum,
1924 2801 2076 2863 quae
2114 2782 2187 2843 ad
2228 2801 2369 2844 ocu-

335 2868 425 2929 los
463 2871 632 2952 fiunt,
678 2889 816 2932 cum
853 2879 1051 2932 tamen
1089 2874 1169 2932 ita
1207 2872 1391 2934 fuerit
1426 2871 1573 2933 levis
1610 2873 1923 2952 confectio,
1961 2879 2029 2932 ut
2064 2873 2128 2931 in
2165 2889 2370 2950 ungue

336 2958 498 3019 nulla
543 2969 750 3038 pareat
795 2961 1118 3039 aspritudo.
1196 2960 1537 3039 Finguntur
1582 2969 1781 3022 autem
1827 2961 1939 3022 alia
1983 2960 2372 3022 denariorum
2397 2980 2448 3021 ao

338 3046 734 3131 singulorum,
791 3047 903 3109 alia
958 3051 1323 3130 semissium,
1379 3068 1531 3129 quae
1580 3052 1930 3131 iniciantur3
1986 3049 2093 3110 sed
2138 3053 2371 3111 rectius

336 3134 410 3196 ad
465 3136 618 3197 hanc
673 3156 1014 3199 mensuram
1067 3138 1288 3219 pastilli
1336 3139 1663 3219 dabuntur,
1717 3142 1796 3200 ita
1844 3146 1913 3199 ut
1958 3155 2115 3200 unus
2161 3140 2367 3200 ieiuno

337 3233 472 3286 ante
521 3227 850 3310 meridiem,
898 3227 1048 3288 alter
1093 3230 1156 3289 in
1202 3236 1441 3289 noctem
1488 3247 1561 3288 ex
1608 3247 1777 3309 aqua,
1824 3230 1877 3288 si
1922 3226 2121 3287 febres
2168 3237 2367 3309 erunt,

515 3385 547 3433 2
587 3380 972 3436 valitudinem.
1119 3388 1154 3436 4
1189 3379 1445 3436 mixtum.
1575 3387 1607 3436 6
1646 3379 1847 3436 afflicti
1881 3380 2033 3452 sunt]
2072 3380 2367 3437 defflescit.

339 3454 404 3503 10
441 3449 733 3507 tridorum.
917 3458 982 3507 16
1020 3453 1308 3508 martariO.
1483 3458 1548 3507 19
1586 3453 1988 3522 temporantur.
2160 3452 2368 3525 unum]

335 3520 545 3574 vinum.
755 3528 823 3578 22
862 3522 1088 3579 acaciae
1126 3522 1179 3578 X
1208 3523 1383 3592 XIIII,
1421 3525 1514 3580 sed
1554 3524 1618 3577 X
1650 3524 1894 3580 deletum.
2105 3528 2185 3578 24
2220 3522 2364 3581 licii.

337 3593 405 3643 25
443 3591 797 3648 denariorum
834 3592 1013 3649 binos.
1160 3600 1229 3650 30
1266 3595 1488 3667 pareat]
1529 3597 1800 3666 appareat
1837 3594 2156 3653 Gomarius.
