2575 4092
978 220 1409 284 ..19-

185 380 379 463 habui,
436 385 502 443 in
550 383 711 444 hunc
757 381 979 445 librum
1033 382 1278 464 contuli,
1334 402 1512 464 quem
1566 383 1639 445 ad
1688 392 1745 445 te
1793 386 1946 446 misi.
2020 384 2209 467 Cupio

183 473 331 532 enim
386 472 626 534 medius
680 472 855 534 fidius
911 490 1028 553 qua
1080 490 1328 552 possum
1386 481 1523 535 tuae
1577 474 1639 533 in
1688 491 1782 533 me
1842 481 1961 536 tam
2007 493 2207 554 perse·

180 563 401 623 vetanti
438 560 889 624 benevolentiae
917 561 1281 642 respondere
1311 562 1551 624 adiutus
1578 564 1743 625 omni
1770 571 2040 643 tempore
2068 582 2100 625 a
2131 574 2208 647 te,

177 652 492 731 praecipue
532 669 674 712 vero
712 653 844 713 istis
881 651 1110 713 diebus.
1176 648 1253 711 Ut
1287 653 1550 732 primum
1587 653 1746 713 enim
1783 653 2050 733 potuisti,
2087 672 2206 714 nou

133 756 156 798 ε
177 756 236 799 es
278 758 496 820 passus
546 759 780 802 cessare
828 748 964 803 tuae
1013 758 1154 819 erga
1189 757 1285 801 me
1324 742 1563 819 pietatis
1607 741 1872 802 officium
1919 741 2207 804 tradendo

175 831 390 908 scripta
438 848 575 890 mea
622 829 827 891 Latina
873 830 948 892 de
996 828 1449 891 medicinalibus
1493 838 1701 891 nostro
1747 828 2012 911 Caesari,
2057 849 2207 912 quo·

174 934 298 978 rum
346 925 713 997 potestatem
758 918 870 981 tibi
915 919 1194 999 feceram,
1240 926 1310 979 ut
1344 920 1476 998 ipse
1512 921 1680 999 prior
1715 918 1944 998 legeres
1983 919 2204 1001 simpli·

138 1007 438 1091 *citerque
496 1008 797 1070 indicares
852 1007 1025 1088 mihi,
1082 1006 1225 1088 quid
1273 1009 1530 1070 sentires
1577 1007 1651 1069 de
1698 1007 1820 1089 his;
1881 1007 2206 1088 plurimum

174 1097 326 1157 enim
369 1096 601 1158 iudicio
648 1104 753 1158 tuo
798 1096 1012 1158 tribuo.
1091 1097 1182 1159 Tu
1229 1113 1412 1175 porro
1451 1097 1872 1159 candidissimo
1908 1098 2105 1159 animo
2143 1106 2207 1160 et

106 1203 149 1243 10
174 1201 305 1263 erga
370 1204 471 1248 me
539 1184 1099 1247 benevolentissime
1175 1186 1388 1264 dignos
1443 1188 1682 1248 nomine
1742 1186 2019 1248 editionis
2085 1204 2204 1249 non

172 1272 363 1334 verbis
412 1274 523 1336 sed
570 1293 638 1336 re
682 1274 951 1354 probasti
996 1275 1451 1356 periculumque
1499 1293 1620 1337 non
1658 1277 1854 1337 minus
1893 1282 1958 1337 tu
1995 1275 2205 1337 iudicii

172 1379 343 1441 quam
409 1382 524 1443 ego
592 1363 710 1425 stili
774 1371 1021 1443 propter
1077 1382 1171 1425 me
1227 1363 1428 1445 adisti,
1486 1383 1604 1444 quo
1657 1373 1928 1444 tempore
1984 1364 2201 1426 divinis

168 1451 441 1514 manibus
481 1471 553 1514 ea
592 1452 878 1514 tradendo
917 1454 1299 1515 consecrasti.
1355 1451 1571 1515 Fateor
1608 1455 1808 1533 itaque
1847 1471 1941 1514 me
1978 1456 2200 1533 gratias

170 1539 272 1601 tibi
336 1560 547 1624 agere,
615 1542 773 1621 quod
828 1549 888 1602 et
939 1543 1110 1622 prius
1177 1559 1355 1623 quam
1413 1543 1712 1621 rogareris
1775 1544 2204 1604 consummasti

102 1647 146 1688 ιε
170 1632 533 1692 amicissimo
580 1631 795 1692 affectu
841 1637 975 1691 vota
1021 1649 1151 1691 mea
1198 1641 1259 1693 et
1307 1630 1466 1709 quod
1513 1631 1765 1708 contigit
1811 1629 1958 1690 mihi
2002 1631 2200 1691 favore

170 1724 269 1779 tuo
333 1721 729 1781 maturiorem
796 1721 1107 1800 percipere
1164 1718 1350 1781 studii
1404 1717 1587 1779 huius
1641 1719 1758 1779 mei
1815 1717 2076 1778 fmctum
2132 1737 2202 1780 ac

170 1806 551 1887 voluptatem.
633 1807 913 1887 Ignosces
959 1816 1184 1890 autem,
1240 1809 1292 1870 si
1348 1824 1571 1886 paucae
1620 1805 1728 1868 tibi
1773 1807 1932 1867 visae
1979 1806 2203 1868 fuerint

172 1900 614 1977 conpositiones
662 1905 722 1958 et
767 1915 889 1958 non
934 1897 1005 1959 ad
1045 1900 1240 1959 omnia
1279 1897 1420 1957 vitia
1459 1898 1745 1977 scriptae3
1793 1912 2002 1956 sumus
2041 1896 2202 1957 enim

171 1992 234 2047 ut
288 1989 407 2048 scis
463 2004 721 2066 peregre
786 2004 898 2047 nec
964 1989 1239 2066 sequitur
1302 2004 1412 2046 nos
1476 1987 1595 2047 nisi
1659 1985 2037 2046 necessarius
2102 1982 2200 2044 ad·

107 2090 151 2131 20
173 2074 410 2137 modum
447 2094 741 2137 numerus
778 2074 1131 2137 libellorum.
1196 2076 1412 2137 Postea
1449 2082 1665 2155 autem,
1715 2076 1768 2135 si
1804 2082 1864 2135 et
1902 2072 2012 2135 tibi
2039 2072 2200 2134 vide-

171 2159 349 2243 bitur,
389 2165 462 2226 ad
507 2163 738 2244 singula
775 2182 1046 2244 quaeque
1083 2165 1288 2245 plures
1334 2165 1777 2244 conpositiones
1822 2161 2198 2244 colligemus3

174 2262 405 2330 oportet
451 2255 615 2315 enim
661 2255 893 2333 copiam
932 2271 1169 2333 quoque
1207 2271 1414 2315 earum
1453 2252 1734 2315 selectam
1770 2250 2009 2333 habere,
2056 2269 2200 2330 quo-

171 2341 324 2402 niam
387 2360 601 2404 revera
664 2342 952 2422 quaedam
1018 2345 1202 2422 magis
1269 2341 1623 2423 quibusdam
1689 2348 1750 2402 et
1812 2359 1932 2401 non
1993 2357 2199 2401 omnes

175 2430 444 2492 omnibus
486 2433 848 2493 conveniunt
884 2439 1130 2512 propter
1169 2432 1563 2494 differentiam
1602 2428 1832 2492 scilicet
1860 2446 2198 2509 corporum.

103 2535 151 2577 25
177 2514 431 2586 Quarum
476 2521 712 2581 initium
750 2538 782 2580 a
820 2521 1014 2599 capite
1052 2520 1357 2602 faciemus,
1393 2538 1692 2581 summum
1731 2519 1888 2579 enim
1932 2526 1993 2578 et
2029 2517 2200 2598 quasi

175 2608 427 2683 primum
477 2608 676 2672 locum
721 2609 837 2670 hoc
883 2611 1139 2691 optinet,
1194 2610 1404 2671 dantes
1459 2625 1728 2688 operam,
1783 2613 1851 2668 ut
1908 2605 2200 2686 simplicia

179 2697 430 2759 remedia
490 2701 681 2779 prima
746 2716 1019 2778 quaeque
1083 2717 1403 2781 ponamus3
1466 2696 1766 2759 interdum
1833 2698 1992 2756 enim
2051 2694 2198 2756 haec

179 2784 507 2849 efficaciora
554 2795 694 2849 sunt
742 2805 920 2867 quam
966 2805 1037 2849 ex
1083 2787 1359 2869 pluribus
1405 2787 1710 2867 conposita
1752 2784 2197 2845 medicamenta.

176 2868 301 2935 Erit
345 2885 547 2938 autem
590 2885 731 2938 nota
777 2876 1007 2938 denarii
1051 2895 1160 2956 pro
1199 2876 1423 2938 Graeca
1461 2874 1765 2956 drachma3
1811 2891 1999 2952 aeque
2040 2874 2199 2933 enim

108 2979 152 3021 so
177 2960 235 3021 in
277 2962 425 3027 libra
476 2965 703 3027 denarii
743 2964 1064 3026 Lxxxlffl
1109 2966 1264 3044 apud
1312 2984 1423 3027 nos
1469 2972 1632 3045 sunt,
1682 2964 1839 3024 sicut
1884 2961 2199 3023 drachmae

180 3052 324 3128 apud
371 3055 631 3115 Graecos
676 3057 1010 3116 incurrunt.

312 3248 342 3296 2
370 3243 866 3313 perseverantiam.
962 3249 1029 3298 10
1055 3259 1146 3298 me
1173 3258 1276 3298 om.
1373 3240 1909 3298 benivolentissimo.
2004 3237 2195 3308 digne.

184 3312 242 3362 11
290 3313 352 3367 tu
402 3315 724 3369 Buecheler.
782 3313 883 3368 tui.
1066 3320 1132 3368 16
1179 3313 1317 3385 mei]
1368 3320 1723 3369 me.17
1770 3313 1999 3384 ignosce
2037 3313 2195 3379 (ras.)

181 3383 244 3434 24
269 3390 392 3450 post
442 3402 741 3455 corporum
791 3386 918 3441 add.
962 3383 1266 3440 Gornarius
1308 3386 1368 3439 et
1405 3384 1783 3440 affectionum.
1956 3387 2025 3435 26
2061 3378 2197 3450 hoc]

183 3448 333 3509 hunc.
497 3457 699 3511 dantes
755 3455 1010 3528 operam]
1071 3455 1352 3510 medentis
1411 3471 1595 3526 opera,
1785 3461 1852 3509 29
1903 3449 2193 3533 draghma,

183 3520 298 3648 ἓξὲξ
329 3529 515 3653 ffuulo
568 3528 742 3595 mfra.
913 3532 978 3582 31
1026 3525 1180 3582 Finit
1225 3526 1471 3597 epistula
1520 3527 1717 3596 prima.
1791 3521 1999 3592 Incipit
2053 3520 2194 3577 eius-

1804 3685 1872 3736 2*

2246 661 2314 711 18

2242 1464 2308 1513 14

2240 2524 2306 2576 15
