2575 4092
1149 209 1636 275 —352—

379 377 700 458 praecipue
746 373 855 435 hac
903 374 1151 435 medella
1196 374 1556 453 extirpatur:
1601 371 1764 433 Auro
1812 372 2078 432 fervente
2119 375 2422 432 circuitus

381 482 589 525 eorum
646 464 877 525 urendo
935 464 1308 543 designatur3
1374 461 1532 541 quod
1595 463 1795 541 potius
1850 467 1943 521 est
1998 479 2138 521 cum
2207 460 2420 521 dolore

309 593 326 608 .
379 555 635 614 maximo
690 552 760 613 ad
818 561 1183 614 momentum
1240 552 1398 612 ferre
1445 569 1626 629 quam
1669 552 1997 614 inveterato
2045 551 2232 610 etiam
2286 568 2419 611 can-

380 643 660 703 cromatis
707 641 913 702 morbo
961 659 1173 702 noxam
1220 647 1544 720 perpetuae
1592 638 1913 700 debilitatis
1959 640 2305 699 incurrere.

271 737 341 786 49
556 729 739 791 Urina
792 730 939 792 muli
993 730 1085 791 vel
1139 728 1334 790 mulae
1389 728 1480 789 vel
1527 730 1679 788 asini
1723 745 1863 788 cum
1907 746 2017 789 suo
2064 726 2195 788 luto
2247 727 2461 788 inlitas

271 824 341 876 50
380 827 441 880 et
485 820 680 881 clavos
727 818 921 880 abolet
964 827 1024 880 et
1061 818 1226 879 callis
1261 817 1556 879 medetur.
1630 816 1834 878 Fimus
1872 818 2070 877 ovium
2106 818 2419 896 inpositus

377 907 471 969 vel
518 908 771 969 lacertae
819 910 987 969 iecur
1024 915 1126 968 aut
1163 907 1406 985 sanguis
1443 908 1507 966 in
1544 905 1740 967 lanula
1777 904 2105 984 adplicatus
2145 904 2242 965 vel
2286 908 2418 985 ipsa

378 997 598 1059 lacerta
655 1004 891 1058 exsecta
947 996 1214 1075 adposita
1265 994 1568 1057 clavorum
1613 997 1769 1055 intra
1815 994 2079 1055 triduum
2127 1012 2415 1072 perseve-

376 1089 629 1147 rantiam
675 1083 844 1146 tollit.

272 1179 337 1230 61
556 1174 789 1234 Fimum
837 1171 1242 1233 columbinum
1292 1191 1362 1232 ex
1424 1180 1590 1233 aceto
1646 1179 1881 1233 coctum
1937 1178 1998 1231 et
2048 1173 2110 1231 in
2159 1171 2412 1233 modum
2439 1190 2479 1229 ιο
2540 1245 2541 1256 ¹

379 1262 745 1340 malagmatis
809 1261 1121 1322 subactum
1187 1268 1365 1340 atque
1431 1261 1765 1341 adpositum
1830 1259 1902 1320 ad
1968 1262 2165 1321 omnia
2225 1278 2414 1339 supra
2540 1271 2541 1276 ’

273 1358 340 1408 52
382 1352 605 1429 scripta
651 1350 1036 1411 utilissimum
1081 1366 1213 1410 esse
1260 1359 1510 1411 constat.
1579 1349 1784 1410 Fimus
1830 1350 1961 1427 apri
2005 1347 2097 1409 vel
2136 1351 2269 1409 suis
2310 1349 2411 1410 do·

376 1440 620 1500 mestici
656 1457 868 1500 recens
914 1440 1210 1517 inpositus
1257 1448 1318 1499 et
1361 1447 1496 1518 post
1532 1441 1777 1500 tertium
1816 1438 1970 1498 diem
2010 1436 2246 1499 solutus
2285 1439 2409 1498 effi-

268 1536 338 1586 63
378 1531 599 1590 caciter
646 1527 860 1610 clavoS,
906 1545 1188 1588 verrucas
1234 1536 1296 1588 et
1340 1527 1520 1588 callos
1567 1528 1775 1588 aufert.
1851 1526 1915 1587 Si
1961 1544 2140 1605 supra
2188 1526 2408 1587 callum

374 1617 518 1678 alica
568 1636 639 1678 ex
686 1636 863 1696 posca
912 1623 1078 1677 cocta
1125 1634 1234 1696 per
1279 1616 1547 1684 triduum
1594 1618 1809 1695 utariS,
1865 1617 1993 1675 sine
2049 1614 2405 1676 difficultate
2432 1632 2476 1673 15

375 1705 689 1787 sanabere,
746 1709 921 1767 etiam
980 1707 1032 1765 si
1078 1706 1250 1766 urina
1297 1707 1462 1766 canis
1508 1707 1755 1783 virginis
1800 1722 1938 1765 cum
1985 1721 2093 1764 suo
2141 1703 2270 1765 luto
2317 1707 2405 1764 in-

374 1796 568 1873 posita
615 1794 796 1855 callos
842 1811 1243 1873 verrucaeque
1291 1797 1605 1874 consumit,
1652 1801 1770 1854 tam
1818 1793 1922 1853 diu
1969 1801 2166 1853 tamen
2212 1792 2404 1853 inalli-

265 1891 337 1941 54
372 1890 530 1965 gata,
589 1883 870 1962 quamdiu
926 1900 1027 1943 eas
1082 1885 1358 1944 excutiat.
1443 1882 1661 1943 Tribus
1707 1881 1872 1942 sabae
1920 1882 2119 1960 granis
2168 1880 2398 1943 clavum

370 1975 594 2051 tangito
642 1990 829 2051 eaque
876 1973 940 2031 in
987 1971 1334 2032 sterculinio
1383 1971 1670 2049 defodito,
1726 1988 1803 2031 ne
1849 1972 2085 2031 renasci
2133 1972 2396 2051 possint3
2540 2049 2541 2054 ἵ

371 2068 591 2138 quanto
630 2062 925 2122 maturius
958 2062 1437 2141 conputruerint,
1473 2067 1639 2121 tanto
1668 2058 1924 2120 celerius
1953 2057 2150 2119 clavos
2180 2067 2394 2137 sponte
2421 2077 2467 2116 so
2540 2057 2541 2068 ²

371 2148 647 2209 decidere
694 2147 1022 2208 miraberis

263 2247 331 2297 55
550 2235 781 2316 ClavoS‚
838 2237 944 2315 qui
998 2239 1059 2296 in
1115 2237 1384 2298 articulis
1440 2245 1965 2315 supercrescentes
2012 2234 2251 2296 dolores
2299 2255 2396 2296 ex-

367 2324 578 2384 hibere
625 2331 1011 2406 consuerunt,
1057 2326 1238 2386 incidi
1278 2325 1370 2386 vel
1407 2326 1535 2386 radi
1572 2325 1644 2385 ad
1681 2327 1876 2385 vivum
1916 2331 2168 2404 oportet,
2215 2332 2397 2403 prout

373 2415 509 2490 quis
555 2414 678 2492 pati
724 2414 1003 2494 potuerit,
1051 2421 1228 2493 atque
1278 2415 1351 2475 de
1397 2413 1620 2493 lupinis
1664 2413 1867 2475 crudis
1912 2416 2082 2494 prius
2128 2412 2395 2474 decoria-

368 2503 446 2561 tis
494 2502 743 2561 farinam
790 2501 1002 2563 factam
1050 2502 1329 2581 subigere
1375 2521 1513 2564 cum
1558 2502 1732 2563 melle
1779 2511 1840 2564 et
1884 2501 2191 2581 emplastri
2228 2520 2394 2565 more
2419 2519 2463 2559 25
2540 2521 2541 2528 ¹

367 2607 790 2669 superponere.

259 2692 327 2741 56
546 2678 805 2740 Subraso
861 2679 1024 2740 clavo
1080 2678 1303 2741 calcem
1360 2682 1549 2740 vivam
1602 2681 1764 2740 visco
1821 2678 2124 2740 subactam
2171 2681 2392 2760 inpone

260 2780 327 2831 57
367 2775 428 2828 et
454 2766 763 2830 linteolum
792 2768 1163 2849 superalliga,
1200 2772 1318 2829 cito
1357 2767 1692 2829 medebere.
1738 2767 2260 2847 Auripigmentum
2291 2771 2392 2829 tri-

368 2864 493 2917 tum
544 2866 604 2919 et
649 2860 907 2918 resinam
956 2857 1415 2918 terebinthinam
1463 2856 1779 2936 liquefacta
1826 2858 1898 2918 ad
1937 2856 2389 2918 similitudinem

259 2957 327 3006 58
366 2947 554 3005 ceroti
591 2948 809 3025 inpone
849 2945 1105 3007 clavellis
1134 2948 1302 3025 prius
1332 2946 1584 3027 derasis3
1622 2946 2086 3025 mireproderit.
2149 2945 2389 3007 Urticae
2414 2964 2462 3004 so

362 3032 549 3113 radix,
588 3033 841 3095 medulla
880 3035 1143 3114 caprifici
1182 3042 1242 3095 et
1279 3034 1389 3095 flos
1427 3033 1759 3095 chalcitidis
1788 3035 1928 3114 “pari
1954 3034 2222 3113 pondere
2253 3054 2388 3097 con·

363 3129 662 3182 teruntur.
727 3121 886 3185 Haec
925 3123 1104 3184 simul
1130 3126 1311 3184 mixta
1340 3122 1470 3184 loco
1500 3122 1729 3184 clavelli
1756 3141 2127 3202 superpones
2157 3132 2220 3184 et
2249 3124 2385 3203 liga-

360 3209 472 3291 bis»,
506 3212 600 3272 die
629 3213 806 3272 tertia
836 3211 1043 3293 solveS,
1079 3214 1279 3273 statim
1311 3212 1561 3292 decidet,
1590 3212 1682 3272 vel
1712 3214 1763 3272 si
1790 3212 1984 3273 adhuc
2014 3215 2386 3293 remanserit,

359 3301 572 3361 iterato
621 3303 870 3379 inpones
919 3311 978 3362 et
1016 3302 1216 3362 triduo
1255 3299 1375 3361 illic
1414 3301 1912 3362 medicamentum
1950 3319 2083 3362 esse
2123 3303 2384 3380 patieris».

538 3512 570 3559 3
606 3509 1044 3562 munomentum.
1242 3512 1312 3561 29
1350 3506 1765 3562 terebintinam.
1955 3512 2025 3562 31
2065 3508 2384 3565 caehitidiS.

360 3579 426 3626 32
466 3574 736 3630 clavellis.
