2575 4092
1106 215 1592 281 —382—

336 381 531 463 pulvis
575 379 901 461 specularis
941 381 1136 440 exusti
1172 388 1232 441 et
1269 380 1604 442 diutissime
1643 380 1914 458 agitatur.
1988 377 2141 438 Tum
2179 377 2364 438 medi-

339 489 546 532 camen
602 470 793 531 adhuc
848 467 1336 549 pseudocalidum
1391 468 1743 530 diffunditur
1797 470 1859 527 in
1906 469 2258 528 mortarium
2307 476 2366 528 et

337 559 457 621 illic
514 559 849 619 diutissime
905 556 1181 619 manibus
1237 557 1535 638 subigitur
1597 564 1776 636 atque
1835 556 1975 617 inde
2030 558 2093 616 in
2148 556 2364 635 pyxide

340 656 442 709 aut
496 650 559 708 in
616 647 831 707 doliolo
878 648 1068 708 vitreo
1115 648 1444 725 reponitur.
1526 645 1699 718 Quod
1744 645 2245 706 medicamentum
2294 644 2364 704 ad

340 754 548 797 omnes
604 735 984 797 collectiones
1040 743 1101 795 et
1151 733 1460 814 glandulas
1518 745 1579 797 et
1633 733 1933 814 parotidas
1989 741 2051 794 et
2104 741 2366 795 strumas
2389 751 2414 791 5

339 833 400 886 et
445 825 517 885 ad
565 843 773 886 omnes
820 833 1086 886 tumores
1141 832 1203 885 et
1253 824 1327 885 ad
1374 843 1580 885 omnes
1626 822 1896 902 pustulas
1942 831 2002 883 et
2048 822 2121 882 ad
2168 824 2368 883 omnia

338 913 584 975 vulnera
629 913 888 974 sananda
932 914 1412 992 potentissimum
1459 922 1552 974 est
1588 930 1819 973 necnon
1857 919 1919 972 et
1955 911 2028 972 ad
2075 910 2369 971 stomachi

340 1010 401 1063 et
446 1005 743 1064 viscerum
787 1003 928 1063 vitia
975 1010 1036 1062 et
1082 1002 1153 1062 ad
1201 1001 1405 1063 lateris
1452 1011 1511 1063 et
1556 1003 1791 1062 renium
1830 1006 1892 1061 et
1925 999 2271 1061 lumborum
2309 1006 2370 1060 et

340 1109 621 1152 coxarum
678 1090 914 1151 dolores
968 1090 1446 1151 efficacissimum
1511 1100 1634 1171 est3
1698 1091 1895 1150 nervis
1952 1107 2191 1168 quoque
2250 1087 2367 1168 pla-

342 1179 545 1241 candis
593 1188 653 1239 et
699 1179 990 1240 luxaturis
1037 1186 1098 1239 et
1144 1179 1425 1240 fracturis
1472 1178 1795 1240 solidandis
1834 1177 2220 1239 utilissimum
2260 1186 2366 1238 est.
2394 1195 2440 1235 ιο

1140 1461 1567 1470 ———-

432 1710 603 1781 Quod
651 1718 854 1770 natum
900 1709 1179 1770 Phoebus
1223 1709 1455 1790 docuit,
1503 1708 1660 1789 quod
1711 1708 1933 1769 Chiron
1977 1706 2299 1789 Achillem,

432 1798 603 1869 Quod
650 1798 913 1858 didicere
962 1798 1100 1858 olim
1146 1797 1482 1858 Podalirius
1528 1806 1707 1877 atque
1754 1796 2037 1858 Machaon

431 1889 477 1946 A
525 1889 792 1965 genitore
841 1904 978 1968 suo,
1024 1888 1129 1966 qui
1176 1885 1472 1965 quondam
1517 1905 1726 1947 versus
1774 1889 1835 1947 in
1882 1904 2136 1965 anguem

431 1974 675 2055 Templa
722 1974 1021 2037 Palatinae
1069 1974 1253 2036 subiit
1301 1973 1574 2036 sublimia
1622 1975 1869 2057 Romae,

432 2064 602 2135 Quod
651 2063 807 2124 Cous
855 2063 1058 2125 docuit
1104 2065 1305 2125 senior
1353 2064 1631 2143 quodque
1677 2063 1909 2124 Abdera
1958 2065 2173 2143 suasit,
2394 2080 2419 2121 5

432 2152 603 2224 Quod
650 2151 814 2230 logos
860 2160 962 2213 aut
1009 2152 1321 2213 methodos
1369 2152 1739 2231 simplexque
1787 2153 2068 2231 empirica
2115 2153 2348 2232 pangit:

430 2240 557 2301 Hoc
606 2239 758 2300 liber
803 2242 916 2300 iste
967 2249 1129 2302 tenet
1175 2241 1411 2302 diverso
1459 2259 1492 2301 e
1539 2241 1812 2320 dogmate
1861 2248 2181 2320 sumptum.

429 2328 697 2407 Namque
744 2327 1077 2389 salutiferas
1126 2329 1389 2408 disponit
1434 2331 1645 2408 pagina
1692 2348 1883 2390 curaS.

430 2417 571 2477 Istic
618 2418 926 2496 repperies
971 2435 1079 2495 per
1127 2421 1363 2479 nomina
1410 2436 1637 2496 perque
1685 2418 1966 2479 medellas
2544 2479 2545 2490 ,

430 2505 770 2584 Descriptas
818 2508 1050 2584 species
1097 2517 1157 2568 et
1201 2507 1465 2586 pondera
1511 2525 1927 2568 mensurarum
2399 2523 2445 2564 10
2544 2509 2545 2542 ³

433 2594 733 2676 Congum,
780 2613 931 2674 quae
980 2597 1216 2675 sapiens
1265 2614 1465 2657 sumes
1511 2596 1914 2656 moderamine
1961 2602 2146 2656 certo.

429 2683 517 2744 Ne
563 2682 794 2764 fallare,
839 2684 1000 2764 vide,
1045 2702 1162 2745 neu
1211 2703 1361 2764 quae
1409 2693 1550 2745 sunt
1597 2693 1763 2763 parta
1812 2684 1989 2746 saluti

434 2770 637 2834 Vertat
681 2774 744 2832 iu
793 2775 1037 2833 exitium
1085 2791 1204 2833 non
1252 2773 1461 2833 sollers
1510 2792 1653 2834 cura
1699 2773 2008 2834 medentis,

434 2861 615 2921 Sume
663 2862 848 2939 igitur
892 2860 1156 2921 medicos
1202 2879 1312 2940 pro
1361 2869 1628 2941 tempore
1674 2881 1905 2942 proque
1951 2859 2154 2921 labore

432 2950 776 3028 Aetatisque
823 2948 1030 3010 habitu
1078 2967 1307 3011 summa
1356 2952 1583 3011 ratione
1629 2959 1896 3030 paratos,
2398 2959 2446 3000 15

432 3037 709 3098 Gramine
759 3056 866 3098 seu
911 3039 1082 3099 malis
1129 3057 1309 3117 aegro
1356 3046 1660 3118 praestare
1706 3038 2015 3100 medellam

433 3126 706 3187 Carmine
755 3145 862 3188 seu
906 3130 1134 3206 potius:
1181 3146 1437 3207 namque
1486 3136 1576 3188 est
1623 3146 1721 3188 res
1769 3137 1931 3189 certa
1979 3126 2159 3188 saluti

434 3214 683 3276 Carmen
731 3214 803 3275 ab
851 3216 1102 3276 occultis
1148 3215 1423 3277 tribuens
1469 3216 1751 3278 miracula
1799 3216 2011 3277 verbis.

433 3302 595 3373 Quae
644 3306 808 3365 curis
853 3304 1160 3368 hominum
1208 3305 1591 3384 physicorum
1638 3308 1875 3367 inventa
1923 3312 2238 3385 pararunt,

523 3515 553 3562 9
592 3509 843 3563 medelas
885 3509 1205 3566 Commius.
1356 3517 1420 3568 13
1460 3511 1635 3566 solers
1672 3512 1828 3574 idem.
1987 3515 2052 3564 16
2091 3510 2372 3564 medelam

342 3577 501 3632 idem.
650 3584 713 3634 17
756 3580 957 3633 salutis
997 3582 1306 3637 Buecheler.
1456 3587 1520 3635 19
1559 3581 1812 3651 pararint
1848 3581 2175 3637 Cornarius.
