2575 4092
220 393 466 445 mentum
521 388 868 446 sutoricium
888 433 907 468 ,
973 388 1177 466 aequis
1243 387 1542 447 mensuris
1594 388 1707 448 ista
1772 389 2097 466 coniunges
2162 394 2223 448 et

218 472 382 533 addes
443 473 536 534 his
592 492 766 554 sapae
824 475 1121 537 modicum
1176 482 1236 535 et
1292 476 1447 536 aceti
1510 484 1795 554 quantum
1852 476 2109 537 sufficiat
2164 484 2224 536 et

217 560 495 641 decoques
549 563 621 623 ad
678 564 1129 643 spissitudinem
1184 562 1376 625 mellis
1431 562 1644 644 liquidi
1700 573 1877 644 atque
1942 566 2021 625 ita
2082 583 2221 626 ocu-

216 647 295 709 los
344 651 477 712 inde
534 651 895 733 superlines,
947 662 1016 715 ut
1072 652 1372 714 modicum
1427 652 1796 733 ingrediatur
1852 671 1954 714 eos
2009 661 2070 715 et
2124 652 2222 714 de·

53 735 56 812 Q
170 737 539 822 slacriment,
598 743 881 804 continuo
937 740 1322 803 sanabuntur.
1413 740 1510 802 Ad
1579 741 1875 803 vulnera
1938 742 2221 803 ulcera·

53 3559 62 3616 ῂ-ι

217 846 335 906 que
394 840 460 890 et
515 831 906 892 cicatrices
970 842 1182 910 atque
1249 829 1735 892 carbunculos
1800 839 2221 910 crustasque

216 916 565 980 oculorum
625 926 694 981 et
757 918 1209 999 glaucomata
1266 927 1481 998 atque
1541 918 1924 997 albugines
1981 919 2221 980 deter-

214 1007 460 1082 gendas
507 1017 575 1070 et
621 1007 1006 1088 palpebras
1052 1007 1587 1088 componendas
1633 1006 1934 1089 collyria
1990 1017 2059 1069 et
2113 1025 2222 1069 re-

215 1094 425 1156 media
497 1097 581 1158 de
657 1099 1182 1176 experimentis
1254 1095 1554 1178 physica
1619 1105 1693 1158 et
1757 1096 2223 1159 rationabilia

148 1199 191 1238 10
215 1180 497 1247 diversa.
573 1186 666 1246 Ad
704 1185 942 1247 sordida
988 1186 1188 1248 ulcera
1236 1185 1546 1249 oculorum
1595 1196 1944 1267 crustasque
1991 1185 2329 1251 baben-116

213 1272 309 1351 tia,
352 1292 495 1352 quas
541 1275 763 1336 medici
807 1274 1086 1337 escharas
1133 1281 1370 1357 vocant,
1417 1284 1478 1337 et
1522 1275 1595 1337 ad
1642 1275 2037 1337 carbunculos
2084 1292 2223 1336 ocu·

213 1358 414 1444 lorum,
469 1383 623 1443 quos
679 1363 989 1426 anthracas
1035 1365 1271 1445 dicunt,
1327 1364 1468 1427 facit
1524 1364 1675 1426 bene
1732 1375 1792 1427 et
1842 1382 1952 1444 per
1998 1382 2061 1425 se
2108 1361 2226 1424 mel

215 1447 455 1512 Atticum
501 1470 726 1532 purum
776 1453 987 1533 pyxide
1036 1471 1256 1534 cuprea
1304 1454 1609 1515 conditum
1648 1462 1709 1513 et
1746 1455 2073 1532 repositum
2112 1451 2224 1515 sub

214 1539 496 1616 signaculo
533 1541 846 1603 mensibus
884 1543 1069 1603 ferme
1109 1540 1371 1623 duobus3
1418 1550 1639 1621 quanto
1686 1543 1846 1602 enim
1892 1541 2116 1602 diutius
2162 1542 2224 1601 in

148 1642 190 1683 15
211 1628 405 1706 pyxide
471 1649 540 1691 ea
609 1632 920 1713 manserit,
985 1631 1287 1694 efficacius
1344 1631 1461 1692 flet.
1555 1629 1672 1691 Sed
1727 1631 2047 1709 praecipue
2101 1628 2215 1689 hoc
2228 1645 2329 1695 11‘1

213 1717 355 1793 quod
392 1719 637 1798 quidam
666 1718 763 1780 dia
792 1738 1091 1800 smyrnon,
1128 1718 1402 1781 nonnulli
1439 1718 1682 1799 euodes,
1728 1720 1869 1799 quia
1905 1717 2047 1779 boni
2085 1717 2222 1778 odo-

210 1805 287 1864 ris
330 1815 441 1891 est,
500 1810 839 1889 nominant,
886 1809 1046 1888 quod
1092 1811 1271 1870 etiam
1318 1807 1388 1869 ad
1438 1807 1708 1888 pustulas
1753 1806 2118 1888 papulasque
2165 1817 2226 1868 et

213 1900 659 1974 suppurationes
715 1896 1026 1959 oculorum
1081 1907 1164 1959 et¹
1196 1898 1268 1960 ad
1325 1900 1636 1960 cicatrices
1695 1915 1815 1958 non
1872 1904 2102 1957 veteres
2165 1907 2225 1957 et

213 1982 276 2042 ad
326 1985 742 2066 palpebrarum
800 1997 1104 2054 recentem
1160 1990 1338 2066 etiam
1395 1990 1456 2049 in
1514 1985 1868 2066 corporibus
1916 1985 2224 2046 teneriori-

145 2086 191 2125 20
213 2069 315 2133 bus
349 2075 784 2155 aspritudinem
821 2076 978 2138 facit.
1029 2076 1279 2156 Oportet
1317 2083 1517 2138 autem
1554 2094 1626 2137 eo
1654 2075 1725 2137 ad
1758 2074 1994 2136 sordida
2023 2072 2223 2136 ulcera

213 2159 383 2223 diluto
429 2168 526 2226 ovi
575 2164 728 2244 albo,
774 2164 833 2226 id
883 2173 976 2226 est
1020 2167 1426 2246 aquatissimo,
1472 2168 1579 2248 uti,
1626 2163 1840 2226 deinde
1879 2182 2015 2226 cum
2054 2162 2222 2225 lacri-

211 2266 328 2311 mae
373 2252 563 2315 fluere
612 2252 918 2334 desierint,
965 2255 1276 2316 cineraceo
1324 2253 1569 2335 collyrio
1621 2254 2028 2334 superinungi,
2080 2255 2223 2314 item

212 2339 273 2399 ad
318 2343 589 2420 pustulas
646 2361 719 2403 ex
774 2361 884 2403 ovo
943 2344 1151 2404 tritum
1206 2342 1378 2424 facit3
1434 2342 1504 2404 ad
1559 2341 1806 2423 papulas
1852 2360 1992 2402 vero
2045 2350 2105 2403 et
2152 2341 2223 2403 ad

211 2425 431 2492 dolores
486 2450 628 2492 cum
687 2431 909 2492 rubore
967 2439 1027 2492 et
1081 2431 1448 2493 distensione
1503 2431 1662 2493 oculi
1718 2433 1872 2493 sicca
1929 2429 2082 2492 bene
2138 2433 2224 2490 in·

142 2530 186 2571 2⁵
209 2520 437 2593 ponitur
485 2539 628 2582 cum
673 2519 823 2582 lacte
869 2519 1163 2601 mulieris,
1220 2540 1297 2582 ex
1352 2538 1504 2600 aqua
1550 2529 1748 2581 autem
1795 2519 1867 2580 ad
1914 2520 2225 2581 cicatrices

210 2619 468 2671 recentes
520 2609 923 2670 extenuandas
970 2617 1029 2670 et
1074 2609 1493 2689 palpebrarum
1540 2607 1971 2688 aspritudinem
2017 2607 2223 2670 tollen-

211 2693 332 2756 dam
377 2701 493 2759 teri
541 2698 721 2759 debet
767 2707 827 2759 et
872 2697 1142 2759 subiecto
1200 2697 1444 2777 specillo
1500 2709 1602 2759 aut
1656 2699 1889 2758 inversa
1945 2696 2226 2777 palpebra

213 2784 387 2847 oculis
442 2789 649 2848 inseri.
741 2786 1114 2867 Conponitur
1169 2797 1367 2848 autem
1417 2806 1491 2848 ex
1538 2788 1632 2847 his
1678 2785 1886 2847 rebus:
1934 2785 2224 2865 Pompho-

211 2869 349 2952 lygis
396 2876 550 2938 lotae
599 2874 650 2936 X
687 2874 834 2957 VIII,
880 2878 1036 2937 aeris
1083 2878 1205 2937 usti
1243 2876 1297 2936 X
1332 2874 1481 2957 VIII,
1528 2877 1691 2938 croci
1734 2873 1785 2935 X
1821 2874 1946 2956 IIII,
1995 2892 2226 2955 myrrae

145 2973 189 3013 80
215 2956 260 3020 X
309 2963 449 3047 IIII,
519 2965 690 3026 nardi
755 2966 954 3043 spicae
1012 2964 1065 3025 X
1119 2964 1146 3025 I
1211 2972 1272 3026 et
1330 2966 1564 3044 pondus
1619 2965 1949 3045 victoriati,
2014 2962 2226 3043 lapidis

211 3048 554 3116 haematitas
600 3053 653 3114 X
690 3053 743 3114 II
782 3052 840 3135 S,
887 3055 1112 3134 piperis
1160 3052 1275 3115 albi
1324 3072 1503 3132 grana
1545 3053 1613 3128 X,
1660 3055 1784 3134 opii
1828 3051 1880 3113 X
1916 3053 1942 3114 1
1985 3061 2045 3114 et
2080 3071 2222 3132 pon-

214 3137 317 3199 dus
372 3145 551 3204 unius
606 3145 929 3225 victoriati,
985 3145 1243 3222 gummis
1288 3142 1342 3203 X
1379 3142 1448 3204 X.
1540 3142 1844 3205 Teruntur
1897 3141 2042 3204 haec
2089 3160 2225 3203 cum

216 3224 350 3289 Chio
397 3233 532 3292 vino
581 3240 643 3292 et
687 3232 1002 3293 confestim
1045 3231 1291 3312 collyria
1328 3232 1634 3312 finguntur
1681 3240 1858 3311 atque
1906 3232 1968 3291 in
2016 3228 2226 3291 umbra

215 3317 521 3382 siccantur.
593 3320 839 3381 Acriore
884 3327 1081 3381 autem
1129 3320 1373 3401 collyrio
1420 3321 1490 3381 ad
1539 3322 1850 3382 cicatrices
1897 3327 2212 3379 extenuan-
2231 3331 2332 3379 118

350 3531 377 3579 1
417 3493 744 3581 sutoricium
778 3528 890 3583 scri
927 3529 1003 3583 si.-
1042 3526 1339 3582 sutoritum
1380 3524 1697 3581 Oornarius.
1885 3529 1953 3577 27
1992 3520 2227 3591 specillo

217 3589 539 3664 Stephanus.-
581 3596 802 3667 spicillo
886 3600 1160 3654 ornarius.
