2575 4092
1131 273 1205 284 —
1306 236 1609 302 260-—

246 416 316 466 3'1
532 401 623 462 Ad
677 403 912 462 renium
969 399 1235 462 dolorem
1282 399 1501 460 herbae
1552 400 1882 459 vettonicae
1928 400 2105 458 tritae
2153 396 2392 476 pondus

357 492 739 552 denariorum
797 489 1051 550 duorum
1109 507 1251 550 sano
1310 507 1382 549 ex
1437 488 1655 568 mulso,
1708 486 2071 548 febricitanti
2119 504 2192 546 ex
2239 504 2393 566 aqua

244 594 317 644 38
355 578 543 641 calida
599 578 924 640 bibendum
981 579 1136 639 dato.
1221 578 1633 657 chamaepitys
1689 596 1761 637 ex
1817 578 1953 636 vino
2009 577 2149 635 trita
2210 584 2392 655 atque

245 683 315 732 39
354 672 434 730 ita
492 677 632 748 pota
687 667 1011 746 plurimum
1066 667 1314 746 prodest
1369 668 1605 728 renium
1662 665 1870 726 dolori.
1952 664 2242 724 Bacarum
2291 683 2393 725 cu·

357 759 555 837 pressi
600 757 879 818 viridium
927 758 1322 818 contritarum
1369 745 1551 816 suciis
1598 753 1825 815 colatus
1872 772 2009 814 cum
2046 754 2185 813 vino
2222 756 2396 832 potui
2423 770 2447 810 5

356 848 531 908 datus
569 848 720 907 mire
757 848 994 907 renium
1032 845 1225 906 dolori
1261 844 1553 927 medetur,
1589 846 1672 904 ita
1709 852 1793 924 ut,
1834 844 1888 903 si
1914 860 2160 904 necesse
2190 842 2395 922 fuerit,

354 954 465 1014 per
512 935 658 997 alios
704 953 915 996 novem
964 934 1092 995 dies
1138 934 1390 995 adaucto
1437 951 1690 994 numero
1737 932 2015 993 bacarum
2056 940 2118 992 et
2152 933 2396 1010 iterum,

356 1027 408 1085 si
453 1027 535 1085 ita
582 1042 734 1103 opus
780 1023 980 1104 fuerit,
1028 1042 1137 1102 per
1183 1022 1332 1083 alios
1376 1040 1590 1083 novem
1628 1022 1757 1082 dies
1794 1022 2101 1082 deminuto
2139 1038 2395 1080 numero

356 1114 550 1189 detur,
591 1131 903 1193 quousque
941 1111 1014 1171 ad
1052 1130 1230 1172 unam
1269 1111 1476 1172 bacam
1513 1112 1677 1191 potio
1706 1128 2115 1190 numerusque
2144 1110 2393 1170 descen-

357 1202 482 1282 dat3
529 1201 636 1261 sed
681 1202 1038 1280 interposito
1085 1219 1206 1261 uno
1251 1201 1348 1261 die
1388 1200 1566 1261 debet
1612 1218 1743 1260 esse
1781 1200 2163 1260 commutatio
2202 1200 2396 1278 potio·
2425 1216 2472 1254 ιο
2565 1197 2566 1208 ³

249 1301 317 1350 40
356 1292 450 1351 nis
497 1290 571 1350 de
618 1291 843 1350 maiore
890 1289 964 1349 ad
1011 1292 1305 1350 minorem
1350 1289 1610 1350 modum.
1684 1288 1906 1349 Lanam
1953 1287 2221 1348 sucidam
2260 1290 2395 1367 pice

359 1378 583 1457 liquida
621 1376 807 1438 inline
845 1387 906 1438 et
942 1377 1226 1439 umbilico
1254 1381 1494 1458 inpone,
1533 1380 1733 1439 statim
1762 1379 1998 1438 renium
2026 1377 2198 1437 dolor
2226 1377 2396 1437 seda-

251 1478 318 1527 41
358 1466 538 1528 bitur,
607 1468 924 1528 Artemisia
961 1467 1145 1528 herba
1185 1476 1295 1549 est,
1344 1485 1520 1547 quam
1558 1466 1778 1527 Gallice
1816 1465 2155 1526 bricumum
2194 1464 2394 1545 appel-

357 1556 507 1638 lant3
562 1556 714 1617 hanc
772 1556 875 1617 ubi
927 1566 1206 1618 nascatur
1261 1558 1506 1636 require
1564 1565 1624 1616 et
1679 1557 1978 1616 inventam
2036 1572 2207 1615 mane
2256 1562 2395 1615 ante

359 1645 501 1707 solis
548 1653 748 1706 ortum
795 1647 1035 1706 sinistra
1082 1664 1262 1707 manu
1308 1644 1584 1706 extrahes
1631 1652 1691 1705 et
1737 1663 1810 1704 ex
1857 1663 1924 1705 ea
1972 1643 2165 1704 nudos
2211 1662 2392 1704 renes
2422 1660 2469 1699 15

358 1736 735 1815 praecinges3
792 1753 910 1814 quo
966 1735 1122 1795 facto
1179 1733 1466 1812 singulari
1526 1741 1586 1794 et
1640 1742 2068 1812 praesentaneo
2123 1732 2392 1794 remedio

252 1833 321 1880 42
360 1825 567 1883 uteriS.
662 1822 802 1884 Pice
858 1822 1083 1903 liquida
1138 1822 1383 1902 pollices
1431 1829 1549 1883 tam
1597 1822 1819 1901 pedum
1876 1840 2052 1902 quam
2108 1839 2393 1882 manuum

361 1911 434 1972 ab
501 1911 802 1990 unguibus
867 1931 1060 1993 usque
1117 1912 1190 1973 ad
1254 1914 1446 1992 prima
1510 1911 1898 1972 articulorum
1953 1913 2120 1971 initia
2175 1909 2395 1971 inlines

361 2009 422 2063 et
468 2000 734 2062 chartam
785 2019 1183 2083 superpones,
1239 2003 1396 2061 intra
1451 1999 1717 2061 triduum
1774 2002 1855 2061 ita
1911 1999 2196 2060 sanabere
2241 1998 2395 2059 lum·
2433 2064 2438 2067 ,

359 2089 576 2150 borum
622 2089 855 2172 dolore,
911 2099 979 2151 ut
1036 2108 1145 2170 per
1200 2088 1464 2169 singulas
1511 2096 1719 2149 noctes
1766 2088 2120 2150 detrimenta
2168 2087 2394 2149 doloris
2420 2104 2470 2144 20

360 2178 687 2257 intellegas,

254 2276 324 2325 43
541 2265 656 2336 Qui
711 2268 946 2327 renium
995 2264 1198 2327 dolore
1244 2266 1581 2348 vexabitur,
1626 2269 1689 2326 in
1736 2266 1940 2327 charta
1988 2266 2123 2327 rudi
2171 2265 2394 2327 scribat

364 2355 740 2415 characteres
793 2355 949 2415 infra
1007 2357 1264 2434 scriptos
1321 2364 1382 2416 et
1435 2374 1582 2416 auro
1637 2355 1732 2416 vel
1787 2373 1974 2434 cupro
2022 2354 2288 2415 includat
2334 2363 2394 2416 et

255 2454 326 2502 44
365 2446 523 2504 circa
562 2461 736 2503 renes
775 2443 990 2524 alliget,
1026 2446 1179 2504 miro
1216 2444 1483 2505 remedio
1512 2452 1741 2506 utetur:
1779 2446 2163 2525 καραβραωθ.
2223 2444 2396 2504 Passi

365 2532 584 2593 Cretici
631 2531 874 2610 cyathos
921 2541 1073 2613 treS,
1119 2533 1288 2595 lactis
1336 2536 1586 2613 capruni
1630 2533 1863 2613 itidem,
1919 2535 2163 2594 seminis
2210 2551 2392 2594 cucu-
2420 2548 2470 2589 25

365 2622 547 2681 meris
602 2639 785 2699 grana
832 2620 1078 2682 XXXIII
1133 2624 1355 2701 optime
1411 2624 1552 2682 trita
1609 2622 1786 2683 simul
1836 2639 1953 2682 una
1999 2624 2241 2702 potione
2293 2624 2397 2702 qui

365 2708 602 2789 biberit,
649 2708 988 2771 absolvetur
1033 2713 1270 2771 renium
1316 2710 1538 2771 dolore.

257 2809 326 2857 45
542 2797 904 2877 Molliginem
959 2817 1033 2859 ex
1086 2802 1223 2860 vino
1279 2802 1502 2879 optimo
1548 2799 1713 2860 bibat
1759 2802 1864 2880 qui
1908 2801 2142 2861 renium
2189 2791 2396 2859 dolore

367 2886 692 2969 vexabitur,
731 2888 1046 2949 confestim
1085 2907 1264 2949 sanus
1304 2891 1445 2970 erit3
1486 2907 1696 2950 sucum
1728 2908 1965 2968 quoque
1995 2888 2211 2949 radicis
2241 2906 2396 2948 ama·
2565 2943 2566 2954 ,

367 2994 469 3037 rae
517 2995 654 3037 cum
699 2975 874 3037 melle
919 2979 1170 3038 mixtum
1215 2976 1382 3038 bibat
1427 2980 1665 3039 ieiunus
1711 2977 1804 3038 vel
1850 2996 1919 3039 ex
1959 2974 2096 3038 vino
2134 2985 2394 3057 austero,
2421 2993 2474 3033 so
2565 2969 2566 3038 ἶ

260 3074 329 3123 46
369 3067 567 3126 statim
606 3064 1050 3128 remediabitur.
1110 3065 1490 3127 Artemisiam
1519 3067 1737 3128 tundes
1767 3074 1826 3128 et
1855 3085 1991 3127 cum
2020 3067 2191 3146 adipe
2224 3066 2397 3127 suilla

368 3162 471 3214 aut
520 3153 781 3233 qualibet
826 3163 1026 3215 vetere
1074 3155 1315 3234 subiges
1362 3165 1423 3217 et
1461 3174 1656 3235 panno
1695 3156 1997 3217 inductam
2033 3174 2144 3235 pro
2183 3154 2399 3235 malag-

262 3253 329 3303 47
368 3251 524 3304 mate
562 3242 808 3303 renibus
845 3245 1082 3322 inpone.
1151 3243 1384 3325 Mulier,
1433 3263 1582 3324 quae
1626 3247 1893 3323 geminos
1929 3247 2181 3325 peperit,
2219 3263 2398 3305 renes

369 3332 637 3393 dolentes
684 3332 1072 3413 supercalcet,
1118 3335 1402 3394 continuo
1450 3333 1695 3394 sanabit.

550 3543 579 3591 1
619 3538 829 3609 dolore,
865 3539 990 3595 item
1029 3545 1079 3594 4.
1262 3546 1294 3594 6
1334 3539 1383 3593 si
1419 3557 1517 3595 om.
1667 3548 1696 3595 7
1736 3539 1957 3596 adleeto
1993 3557 2099 3609 pro
2134 3540 2399 3598 adaucto.

376 3613 439 3660 12
480 3607 783 3664 umbiculo.
931 3614 995 3664 13
1035 3609 1382 3666 artimisiam.
1529 3617 1595 3666 23
1640 3611 1893 3682 scriptae.
