2575 4092
1018 272 1455 337 ..17-

220 433 492 495 decurrit
545 437 695 496 vim:
758 437 1093 514 potentiora
1149 437 1308 496 enim
1370 434 1517 496 haec
1573 442 1633 495 et
1689 435 2022 497 efficaciora
2077 454 2254 517 quam

220 521 364 604 cibi3
411 531 553 602 post
597 523 702 584 ubi
747 542 823 585 ne
870 525 943 585 ad
987 525 1136 586 haec
1183 522 1426 606 quidem
1473 522 1695 585 cedunt
1737 522 2117 586 difficultates
2154 524 2252 587 ad·

218 629 425 672 versae
481 611 867 695 valetudiniS,
923 621 1069 675 tunc
1126 622 1329 675 coacta
1384 612 1456 674 ad
1514 615 1840 674 sectionem
1894 612 1987 674 vel
2041 613 2252 675 ultimo

220 700 289 761 ad
329 702 632 762 ustionem
668 703 844 763 venit.
918 702 996 763 At
1031 701 1427 783 Asclepiades,
1475 702 1767 763 maximus
1813 710 2021 763 auctor
2067 703 2252 764 medi·
2290 711 2322 763 '1

167 808 192 851 5
218 791 406 870 cinae,
443 792 680 869 negavit
716 792 911 869 aegris
948 790 1140 852 danda
1168 791 1632 872 medicamenta3
1671 790 1912 870 quidam
1950 793 2108 852 enim
2137 791 2252 854 boc

217 877 527 939 mendacio
575 880 753 940 etiam
799 898 909 959 pro
956 888 1306 960 argumento
1353 885 1624 941 utuntur.
1711 879 1989 940 Poteram
2035 888 2252 963 tamen,

217 968 271 1027 si
315 985 524 1028 verum
570 968 632 1028 id
679 977 864 1050 esset,
912 969 1140 1031 dicere:
1195 968 1425 1030 Viderit
1470 966 1879 1050 Asclepiades,
1926 967 2070 1047 quid
2118 985 2249 1030 sen·

217 1057 384 1136 serit,
423 1056 671 1118 forsitan
710 1076 829 1118 non
867 1060 1106 1119 omnino
1143 1061 1207 1119 in
1243 1057 1398 1119 hanc
1428 1065 1659 1137 partem
1687 1059 1948 1118 animum
1977 1057 2249 1119 intendit.

216 1143 409 1206 Homo
466 1163 607 1206 sane
665 1146 804 1228 fuit,
862 1147 964 1226 qui
1018 1165 1228 1227 parum
1285 1146 1541 1208 feliciter
1600 1163 1666 1206 se
1722 1147 1782 1206 in
1838 1145 1952 1206 hoc
2009 1148 2248 1225 negotio

140 1255 190 1296 10
217 1235 419 1312 gessit.
490 1233 697 1314 Itaque
743 1253 864 1296 non
911 1235 1221 1297 deterreor
1263 1253 1537 1316 persona,
1584 1252 1721 1296 cum
1768 1252 1896 1296 rem
1934 1235 2248 1296 manifeste

214 1322 504 1401 prodesse
551 1324 797 1386 videam.
861 1323 1033 1386 Nunc
1079 1344 1220 1386 vero
1267 1343 1406 1387 cum
1450 1332 1572 1386 tam
1607 1323 1970 1403 inpudenter
2006 1324 2248 1404 quidam

217 1410 289 1471 de
348 1430 420 1471 eo
477 1411 627 1472 mala
682 1415 1236 1496 comminiscantur,
1304 1414 1446 1494 quid
1510 1431 1758 1493 possum
1813 1412 1970 1474 ultra
2026 1412 2245 1493 dicere,

214 1501 335 1560 nisi
380 1500 814 1579 quodammodo
859 1502 1248 1581 parricidium
1296 1522 1364 1564 ac
1410 1502 1786 1581 sacrilegium
1834 1519 1937 1562 eos
1976 1504 2242 1563 commit·

213 1597 361 1669 tere,
409 1591 515 1668 qui
560 1590 706 1652 haec
753 1588 1004 1652 dicunt?
1084 1591 1187 1653 Ille
1236 1594 1394 1653 enim
1442 1589 1921 1653 febricitantibus
1968 1592 2246 1670 vitiisque
2284 1602 2319 1652 8

138 1698 187 1740 15
212 1678 643 1757 praecipitibus
682 1683 993 1761 correptis,
1031 1699 1182 1760 quae
1221 1699 1368 1741 oxea
1409 1679 1586 1760 pathe
1626 1679 1836 1739 Graeci
1874 1678 2098 1758 dicunt,
2146 1697 2245 1739 ne·

212 1768 373 1845 gavit
409 1767 842 1830 medicamenta
881 1769 1086 1851 danda,
1129 1772 1265 1850 quia
1306 1768 1440 1830 cibo
1477 1771 1733 1847 vinoque
1773 1773 1907 1845 apte
1945 1766 2246 1828 interdum

213 1854 350 1916 dato
398 1856 719 1918 remediari
774 1860 966 1919 tutius
1021 1877 1123 1919 eos
1181 1859 1557 1920 existimavit.
1632 1855 1912 1917 Ceterum
1964 1857 2026 1915 in
2073 1854 2245 1936 libro,

212 1946 315 2023 qui
368 1963 768 2028 parasceuon,
823 1947 883 2008 id
938 1955 1031 2008 est
1083 1949 1628 2028 praeparationum,
1682 1943 2059 2023 inscribitur,
2106 1961 2244 2005 con·

210 2032 406 2094 tendit
461 2033 702 2095 ultimae
760 2037 941 2097 sortis
988 2054 1120 2097 esse
1166 2036 1494 2118 medicum,
1552 2037 1654 2115 qui
1710 2051 1829 2094 non
1884 2033 1956 2094 ad
2012 2032 2244 2112 singula

130 2143 181 2186 20
214 2140 490 2201 quaeque
545 2125 685 2185 vitia
739 2123 910 2185 binas
964 2132 1284 2205 ternasque
1346 2126 1789 2205 conpositiones
1850 2130 1911 2184 et
1969 2130 2244 2202 expertas

207 2220 269 2272 et
315 2213 596 2291 protinus
632 2221 866 2292 paratas
904 2212 1133 2277 habeat.
1206 2213 1385 2275 Vides
1433 2231 1595 2295 ergo,
1644 2229 1819 2292 quam
1859 2229 1978 2272 non
2014 2211 2243 2291 placeat

205 2299 549 2379 Asclepiadi
602 2320 746 2362 usus
802 2299 1416 2364 medicamentorum?
1471 2305 1569 2364 cui
1622 2303 1739 2363 nisi
1796 2296 2017 2380 (quis)
2071 2299 2242 2380 plura

206 2388 279 2449 ad
312 2406 503 2450 unum
533 2390 809 2470 quodque
839 2409 1027 2470 genus
1056 2393 1185 2452 vitii
1217 2390 1984 2468 medicamentaconposita
2010 2387 2241 2469 habeat,

207 2495 335 2537 non
371 2477 608 2539 videtur
643 2479 860 2558 dignus
895 2480 1266 2560 professione
1303 2480 1649 2542 medicinae.
1716 2478 1833 2539 Sed
1861 2480 1974 2538 ista
2001 2475 2239 2538 licentia
2279 2490 2310 2538 9

124 2587 177 2629 25
205 2568 453 2626 nomine
489 2568 898 2629 tantummodo
934 2568 1300 2631 medicorum
1343 2576 1591 2649 propter
1632 2565 2006 2647 quorundam
2043 2564 2239 2644 negle-

205 2657 473 2734 gentiam
519 2655 697 2718 latius
742 2660 1051 2736 processit.
1116 2658 1272 2719 Raro
1308 2661 1470 2719 “enim
1510 2657 1741 2737 aliquis,
1785 2657 2136 2735 priusquam
2175 2672 2239 2715 se

206 2761 473 2823 suosque
510 2745 706 2806 tradat
741 2745 990 2829 medico,
1029 2746 1343 2826 diligenter
1381 2747 1453 2808 de
1494 2764 1565 2807 eo
1602 2745 1842 2825 iudicat,
1888 2762 2025 2805 cum
2062 2761 2238 2804 nemo

205 2851 283 2893 ne
359 2835 679 2912 imaginem
751 2835 990 2914 quidem
1056 2854 1223 2897 suam
1296 2837 1628 2897 committat
1698 2832 2053 2912 pingendam
2121 2834 2241 2893 nisi

201 2919 462 3000 probato
527 2925 697 3002 prius
769 2925 984 2985 artifici
1054 2943 1163 3005 per
1231 2925 1520 3004 quaedam
1584 2924 1986 3003 experimenta
2059 2927 2238 2999 atque

119 3034 173 3074 so
203 3009 401 3071 electo
464 3011 838 3092 habeantque
903 3031 1108 3074 omnes
1178 3015 1439 3093 pondera
1496 3032 1563 3074 ac
1616 3027 1930 3074 mensuras
1987 3017 2239 3092 exactas,

199 3118 280 3160 ne
352 3092 496 3179 quid
553 3118 827 3162 errorum
882 3104 945 3162 in
999 3101 1182 3163 rebus
1237 3104 1592 3164 necessariis
1646 3101 1899 3180 accidat,
1963 3097 2239 3159 videlicet

200 3191 348 3268 quia
411 3196 555 3249 sunt
609 3190 874 3272 quidam,
932 3192 1036 3270 qui
1089 3191 1278 3270 pluris
1336 3191 1445 3253 alia
1503 3209 1681 3271 quam
1738 3208 1801 3250 se
1856 3191 2018 3267 ipsos
2065 3189 2237 3248 aesti-

199 3286 390 3338 ment.
485 3276 576 3339 Ob
624 3278 782 3357 quod
831 3277 1061 3340 sublata
1116 3288 1208 3341 est
1262 3282 1368 3342 uni
1414 3282 1632 3359 cuique
1688 3276 1968 3341 studendi
2030 3293 2236 3338 neces·

351 3438 384 3487 3
424 3429 768 3487 valitudinis.
948 3438 984 3486 4
1019 3434 1080 3486 at.
1114 3447 1216 3488 om.
1391 3439 1420 3488 7
1459 3431 1638 3487 videri
1674 3434 1834 3499 (ras.)
1875 3427 2010 3500 quid
2044 3426 2237 3481 Ascle-

198 3501 428 3572 piades.
559 3508 627 3557 10
662 3503 806 3575 rem]
844 3519 921 3559 re.
1049 3503 1366 3559 manifesta..
1497 3509 1560 3558 11
1602 3502 1807 3559 videor.
1931 3506 1997 3554 15
2026 3500 2236 3568 hoxye·

198 3573 399 3643 pathe.
546 3579 615 3628 22
655 3573 769 3645 cni]
807 3580 869 3642 ξς
991 3572 1116 3643 quis
1154 3590 1254 3630 om.
1385 3580 1453 3629 25
1491 3573 1914 3644 negligentiam.
2029 3575 2099 3624 30
2135 3571 2236 3625 ha-

199 3645 414 3702 beatne
449 3645 642 3701 omnia.
679 3644 997 3702 Gon-narius.

312 3744 641 3792 fluctuans,
670 3754 751 3786 nn.
777 3746 1089 3787 Hammon.
1881 3735 1915 3784 2
