2575 4092
1086 236 1566 303 -246—

305 401 475 481 calet,
514 419 684 462 cerae
720 399 998 462 Ponticae
1035 402 1095 460 in
1136 400 1359 461 frustra
1396 400 1669 462 redactae
1698 402 1760 462 P.
1789 402 1833 482 I,
1871 402 1986 463 olei
2024 404 2164 463 irini
2196 404 2262 466 P.
2289 405 2338 482 Ι,

306 489 423 551 olei
460 491 691 569 cyprini
727 489 792 549 P.
822 489 864 569 1,
902 489 1016 550 olei
1054 489 1269 549 laurini
1307 489 1371 549 P.
1412 488 1455 570 1,
1493 489 1611 551 olei
1646 493 1865 551 veteris
1902 491 1965 552 P.
1994 491 2064 571 11,
2106 494 2337 571 piperis

307 578 426 639 albi
471 580 708 639 contusi
753 586 813 639 et
859 596 968 657 per
1013 580 1431 639 tenuissimum
1484 578 1749 640 cribrum
1796 582 2134 640 transmissi
2171 580 2222 640 X
2260 582 2336 661 ll,

302 667 574 746 pyrethri
630 669 868 728 contusi
922 675 983 726 et
1026 684 1136 745 per
1182 668 1340 727 idem
1387 666 1655 728 cribrum
1701 670 1937 729 traiecti
1973 668 2024 728 X
2062 668 2102 730 1.
2172 669 2337 731 Haec

303 758 368 815 in
415 774 600 817 unum
645 757 998 836 miscentur,
1055 757 1369 835 reponitur
1414 755 1910 818 medicamentum
1957 775 2095 817 vaso
2143 758 2334 821 fictili.
2364 774 2391 814 5

305 843 471 905 Facit
488 852 727 925 praeter
756 843 1087 904 remedium
1115 843 1453 905 lumborum
1484 852 1545 905 et
1568 845 1639 906 ad
1661 863 1894 906 omnem
1914 845 2177 906 dolorem
2202 866 2335 908 cor-

304 936 468 1011 poris
507 941 568 994 et
604 952 942 1013 nervorum,
981 932 1292 993 muliebria
1333 952 1572 1013 quoque
1606 933 1731 994 loca
1761 934 2076 995 durissima
2116 936 2335 1018 mollit3

304 1041 441 1082 cum
481 1022 584 1083 diu
611 1023 742 1083 aliis
771 1022 1219 1082 medicamentis
1249 1021 1398 1082 nihil
1426 1023 1760 1101 profectum
1789 1030 1899 1104 est,
1925 1023 2039 1084 hoc
2068 1025 2333 1102 prodest.

231 1123 264 1169 3
480 1110 791 1191 Malagma,
846 1110 1002 1190 quod
1059 1113 1300 1189 proprie
1347 1111 1489 1172 facit
1534 1111 1606 1172 ad
1651 1111 1989 1172 lumborum
2038 1113 2335 1175 dolorem:

303 1199 463 1260 Picis
500 1198 757 1277 Hquidae
795 1196 859 1259 ὃ*
897 1198 968 1280 11,
1016 1200 1131 1260 olei
1172 1202 1393 1260 veteris
1430 1197 1494 1260 ὃ*
1532 1199 1575 1281 1,
1621 1202 1854 1261 resinae
1891 1200 2333 1263 terebinthinae
2363 1216 2421 1257 ιο

301 1285 364 1348 Ρ.
412 1287 465 1367 1,
521 1305 692 1347 cerae
749 1288 812 1348 P.
862 1287 941 1368 ll,
1000 1306 1246 1348 mannae
1295 1288 1356 1349 P.
1411 1288 1629 1369 bessis,
1686 1289 1958 1349 afronitri
2011 1289 2073 1350 P.
2121 1292 2332 1352 trienS.

304 1373 594 1455 Coquitur
639 1378 739 1455 pix
787 1395 925 1448 cum
971 1376 1119 1457 ole0,
1167 1377 1356 1438 donec
1404 1379 1592 1456 spissa
1640 1378 1766 1458 fiat3
1813 1386 1949 1457 post
1993 1378 2105 1439 hoc
2150 1379 2333 1440 adici-

303 1471 402 1525 tur
458 1466 680 1546 resina,
737 1465 950 1526 deinde
1006 1484 1142 1526 cera
1199 1474 1259 1527 et
1315 1466 1643 1526 secundum
1698 1466 1852 1527 hanc
1898 1485 1970 1527 ex
2015 1467 2332 1528 intervallo

301 1571 530 1615 manna.
599 1553 711 1614 Ubi
750 1554 1058 1633 emplastri
1095 1554 1336 1616 habebit
1373 1555 1622 1634 figuram
1662 1556 2173 1634 medicamentum,
2220 1556 2332 1618 tol·

300 1641 457 1703 letur
500 1641 573 1703 ab
610 1644 747 1722 igne
785 1651 846 1705 et
883 1662 1017 1705 cum
1058 1652 1368 1722 tepescere
1407 1646 1688 1723 coeperit,
1734 1645 2087 1704 afronitrum
2127 1663 2331 1723 asper·
2359 1660 2416 1702 ιε

301 1739 475 1808 getur
523 1734 761 1812 sensim,
808 1751 883 1792 ne
932 1732 1397 1812 superfundatur
1444 1732 1604 1811 quod
1649 1735 1711 1793 in
1759 1732 2010 1794 caccabo
2058 1741 2164 1794 est.

230 1827 266 1877 4
479 1819 762 1899 Malagma
801 1820 873 1880 ad
903 1838 1140 1882 omnem
1169 1820 1434 1881 dolorem
1465 1829 1727 1882 veterem
1757 1840 1829 1881 ex
1860 1820 2120 1901 qualibet
2150 1840 2331 1883 causa

300 1910 539 1991 factum,
578 1911 897 1989 praecipue
937 1910 1008 1971 ad
1039 1909 1378 1971 lumborum
1407 1909 1692 1991 dolorem,
1730 1912 1843 1971 sic:
1882 1909 2138 1971 Bidellae
2178 1910 2227 1971 X
2257 1911 2332 1992 ll,

302 2001 550 2059 storacis
609 1998 659 2059 X
697 1998 770 2077 V,
827 2000 1034 2078 oesypi
1089 1998 1138 2059 X
1178 1998 1256 2078 11,
1314 2000 1665 2059 ammoniaci
1711 1998 1760 2058 X
1809 1998 1874 2079 V,
1929 2000 2153 2077 piperis
2211 1999 2329 2061 albi

298 2086 351 2146 X
388 2086 472 2167 11,
520 2089 673 2147 turis
721 2087 771 2146 X
810 2086 873 2166 V,
920 2087 1200 2148 bacarum
1248 2086 1402 2148 lauri
1448 2087 1509 2147 P.
1548 2087 1601 2165 1,
1657 2086 2096 2148 terebinthinae
2144 2088 2194 2147 X
2233 2088 2330 2171 VI,
2359 2102 2416 2143 so

300 2178 657 2254 opopanacis
705 2175 754 2235 X
800 2175 880 2255 11,
938 2176 1128 2254 adipis
1184 2178 1402 2237 taurini
1461 2175 1510 2235 X
1559 2174 1658 2255 VI,
1713 2176 2006 2237 medullae
2053 2179 2330 2238 cervinae

298 2262 351 2322 X
401 2262 462 2342 V,
510 2262 773 2342 propolis
818 2262 880 2324 P.
931 2263 1000 2342 S,
1057 2263 1172 2323 olei
1228 2266 1448 2325 veteris
1493 2264 1554 2325 P.
1603 2263 1655 2338 1,
1711 2283 1882 2326 cerae
1929 2265 1990 2326 P.
2039 2263 2116 2345 11,
2173 2270 2330 2327 turis

298 2351 536 2430 pollinis
573 2352 635 2412 P.
674 2352 716 2412 1.
787 2351 1016 2432 Oleum,
1065 2369 1218 2433 cera,
1265 2355 1481 2433 resina,
1526 2352 1792 2432 propolis
1840 2352 2181 2434 liquefiunt;
2229 2355 2330 2415 de-

297 2441 438 2506 inde
476 2442 629 2501 turis
656 2440 895 2520 pollinis
924 2442 1159 2520 pondus
1189 2443 1469 2521 superius
1498 2441 1724 2503 dictum
1753 2443 2006 2503 adicitur
2037 2450 2098 2503 et
2125 2452 2329 2504 cetera

298 2531 636 2591 minutatim
673 2529 765 2590 vel
801 2531 863 2592 in
902 2548 1088 2591 unum
1127 2537 1396 2611 contusa,
1439 2539 1644 2608 postea
1692 2530 2110 2609 decoquuntur
2146 2531 2331 2593 simul
2357 2545 2417 2587 25

298 2620 521 2698 omnia3
568 2635 966 2698 opopanacem
1016 2636 1155 2679 sane
1205 2617 1336 2679 oleo
1384 2618 1531 2679 dilui
1577 2621 1745 2698 prius
1793 2628 2044 2698 oportet.

227 2713 259 2762 ὅ
473 2706 988 2782 Medicamentum,
1037 2707 1194 2787 quod
1242 2708 1385 2767 facit
1422 2707 1495 2768 ad
1534 2726 1740 2768 omnes
1780 2708 2186 2769 membrorum
2226 2710 2331 2769 do-

297 2794 480 2876 loreS,
540 2795 698 2874 quod
754 2797 1066 2875 anodynon
1113 2795 1460 2874 appellatur.
1544 2795 1712 2857 Facit
1758 2805 1957 2857 autem
2003 2799 2330 2876 praecipue

296 2882 369 2944 ad
416 2883 757 2945 lumborum
807 2884 1059 2966 dolores,
1108 2885 1425 2945 conficitur
1463 2886 1577 2945 sic:
1623 2884 1855 2965 Myrrae
1893 2885 1942 2945 X
1978 2885 2123 2967 VIII,
2161 2889 2332 2948 croci

296 2971 347 3032 X
397 2971 524 3053 Vll,
581 2975 938 3052 opopanacis
984 2972 1216 3054 itidem,
1274 2974 1525 3033 storacis
1583 2973 1633 3033 X
1679 2974 1758 3055 11,
1816 2973 2023 3035 alterci
2078 2977 2330 3036 seminis
2358 2989 2414 3028 80

296 3059 347 3120 X
376 3059 440 3135 V,
488 3062 611 3139 opii
649 3061 699 3121 X
726 3060 820 3141 VI,
857 3062 1281 3140 mandragorae
1321 3062 1540 3123 radicis
1579 3063 1667 3123 vel
1709 3065 1883 3125 etiam
1923 3064 2167 3123 corticis
2202 3062 2253 3123 X
2285 3064 2329 3144 1,

294 3151 520 3228 piperis
558 3148 676 3210 albi
705 3148 757 3210 Χ
783 3151 827 3211 Ι.
889 3149 1381 3230 Consparguntur
1409 3152 1547 3211 trita
1577 3160 1638 3211 et
1665 3151 1922 3212 cribrata
1951 3152 2097 3212 haec
2126 3155 2329 3213 omnia

297 3258 369 3299 ex
416 3257 566 3319 aqua
604 3238 864 3319 pluviali,
911 3240 1062 3300 fiunt
1099 3237 1320 3318 pastilli
1356 3241 1654 3300 victoriati
1689 3242 1903 3301 tertiae
1940 3242 2144 3321 partiS,
2183 3241 2328 3301 dan·

297 3336 397 3388 tur
443 3330 642 3389 ieiuno
692 3346 766 3389 ex
812 3345 997 3406 aquae
1045 3326 1254 3407 cyatho
1302 3346 1423 3387 uno
1480 3336 1540 3389 et
1594 3346 1666 3388 ex
1721 3331 1880 3408 passi
1928 3329 2138 3408 cyatho
2188 3348 2327 3391 uno.

475 3468 504 3516 1
534 3461 718 3518 frusta.
744 3462 991 3519 Scribam.
1113 3467 1145 3516 3
1175 3461 1432 3518 criblum.
1559 3459 1626 3516 10
1652 3461 2042 3529 terebintinae,
2079 3465 2207 3518 item
2234 3470 2325 3522 20.

296 3538 362 3655 g}
401 3534 755 3673 ἓιέῧῖεὲοήῗθ
794 3532 1083 3589 storachis.
1184 3534 1396 3604 hysopi.
1500 3539 1568 3589 26
1607 3533 1810 3589 oleum.
1920 3540 1988 3590 30
2028 3535 2324 3590 storachis.
