2575 4092
1013 240 1450 305 ..21-

305 437 649 518 Epistula
696 436 1109 499 Vindiciani
1156 440 1446 500 comitis
1493 438 2034 502 archiatrorum
2081 443 2162 504 ad

658 526 1245 590 Valentinianum
1293 530 1825 607 imperatorem.

399 670 552 731 Cum
607 688 810 752 saepe,
865 672 1262 731 sacratissime
1317 673 1667 752 imperator,
1721 670 1966 734 humani
2015 676 2253 753 generis
2294 684 2322 734 1

220 759 510 839 fragilitas
563 758 711 819 falso
768 758 842 819 de
901 766 1112 820 natura
1168 776 1275 819 sua
1323 767 1636 839 queratur,
1692 758 2009 841 anquando
2055 769 2253 825 tamen

218 850 527 929 potuimus
572 847 824 909 redditis
870 849 1068 909 causis
1114 851 1491 928 ostensisque
1545 848 1826 910 remediis
1873 869 2018 911 vana
2066 860 2126 913 et
2167 855 2254 913 in·

217 955 470 999 numera
507 939 880 1018 querimonia
917 937 1242 998 refrenare.
1306 936 1453 998 Nam
1491 939 1649 999 sicut
1687 938 1854 999 rudis
1891 938 2256 1019 gubernator

165 1047 190 1088 5
218 1026 528 1089 turbatum
563 1043 726 1086 mare
773 1025 1029 1105 sulcanS,
1067 1028 1336 1087 incertus
1373 1026 1799 1110 periculorum,
1837 1026 2056 1090 dubius
2100 1030 2255 1091 salu·

219 1118 326 1198 tis,
383 1123 600 1176 cuncta
653 1117 931 1194 rimatur,
985 1118 1069 1176 ita
1133 1122 1196 1175 et
1248 1115 1589 1177 mortalium
1636 1124 1866 1197 natura,
1918 1136 2069 1197 quae
2114 1137 2249 1199 per·

218 1213 400 1286 petua
449 1206 697 1265 sanitate
743 1211 910 1284 optat
953 1204 1104 1285 frui,
1158 1203 1375 1283 placita
1421 1222 1692 1285 quaeque
1739 1205 2057 1268 desiderat.
2133 1206 2248 1269 Sed

220 1297 360 1375 quia
418 1312 528 1355 nec
575 1311 737 1354 mare
795 1310 1032 1372 semper
1077 1299 1276 1372 potest
1324 1310 1455 1354 esse
1501 1293 1890 1374 tranquillum
1937 1314 2047 1357 nec
2095 1315 2254 1358 unus

217 1386 280 1444 in
348 1382 506 1443 diem
571 1383 734 1443 venti
797 1384 1047 1461 spiritus
1102 1381 1279 1443 durat
1343 1400 1453 1443 nec
1518 1400 1770 1445 securus
1828 1392 2006 1446 nauta
2063 1393 2251 1447 ratem

143 1494 193 1534 ιο
218 1480 422 1552 potest
476 1471 790 1552 scandere,
846 1489 982 1532 cum
1039 1488 1263 1551 aequor
1319 1471 1473 1532 mole
1519 1471 1811 1533 fluctuum
1858 1472 2117 1557 tollitur,
2165 1476 2252 1536 sic

218 1579 418 1640 neque
473 1560 754 1621 mortales
809 1567 1063 1640 possunt
1116 1578 1355 1640 semper
1410 1578 1543 1621 esse
1600 1560 1779 1622 validi
1825 1569 1927 1622 aut
1972 1564 2253 1645 viventes,

218 1650 325 1712 sed
382 1668 491 1731 pro
557 1651 767 1711 aetatis
813 1656 875 1709 et
927 1651 1214 1728 temporis
1272 1650 1555 1709 varietate
1606 1648 1860 1710 diversis
1906 1649 2252 1713 morborum

218 1747 480 1820 aguntur
534 1737 942 1799 incommodis.
1025 1737 1190 1809 Quae
1247 1755 1384 1798 cum
1441 1740 1523 1798 ita
1577 1739 1724 1820 sint,
1788 1737 2247 1801 clementissime
2288 1747 2322 1797 2

216 1832 562 1909 imperator,
599 1845 810 1906 magna
846 1826 975 1888 laus
1012 1834 1104 1888 est
1144 1827 1723 1888 veteruminstituta
1754 1829 2031 1908 scrutari,
2068 1830 2256 1889 maior

141 1937 191 1978 15
217 1936 361 1978 vero
427 1916 616 1995 gloria
679 1918 916 1977 inventa
980 1933 1246 1990 servare,
1313 1915 1607 1996 siquidem
1672 1914 1760 1976 illi
1819 1916 1973 1976 viam
2035 1915 2255 1979 laboris

218 2008 346 2067 suis
393 2005 716 2066 virtutibus
761 2012 1126 2084 aperuerunt
1170 2003 1465 2084 nobisque
1509 2007 1627 2065 iter
1671 2003 2109 2084 intellegentiae
2148 2025 2255 2067 sua

219 2096 511 2174 sapientia
566 2093 957 2173 reliquerunt.
1046 2092 1215 2153 Unde
1272 2111 1409 2154 cum
1470 2093 1709 2173 quidam
1766 2092 2036 2156 febribus
2090 2102 2255 2157 tene-

217 2193 390 2245 retur
446 2192 508 2244 et
563 2183 667 2243 diu
722 2185 945 2244 ventris
1002 2182 1222 2243 duritia
1279 2182 1680 2262 strangulatus
1742 2182 1838 2244 die
1899 2182 2252 2246 duodecimo

216 2275 340 2334 iam
387 2274 569 2332 morti
615 2275 920 2350 proximus
966 2271 1301 2352 videretur,
1349 2271 1628 2333 adhibitis
1676 2272 1749 2332 ad
1797 2290 2001 2333 curam
2048 2274 2253 2335 multis

134 2382 190 2423 so
219 2370 281 2423 et
327 2364 558 2440 magnis
605 2361 879 2442 mediciS,
933 2367 1002 2421 ut
1047 2360 1379 2421 remedium
1427 2367 1929 2441 consequeretur,
1977 2361 2089 2423 hoc
2135 2362 2253 2423 illis

218 2468 519 2511 summum
567 2450 930 2530 periclitanti
975 2448 1339 2528 praesidium
1378 2451 1571 2510 visum
1612 2456 1720 2530 est,
1769 2456 1837 2510 ut
1873 2467 1983 2528 per
2018 2452 2250 2511 intesti-

216 2558 364 2601 num
421 2538 699 2619 clysterio
755 2540 813 2598 ei
868 2539 1097 2599 curatio
1154 2546 1485 2616 pararetur.
1567 2537 1715 2599 Cum
1771 2537 1870 2598 ille
1920 2540 2253 2599 imminenti

216 2627 488 2708 periculo
520 2634 819 2688 aestuaret
848 2634 910 2687 et
945 2626 1128 2687 veluti
1158 2626 1342 2687 morti
1370 2628 1678 2706 proximus
1708 2629 2034 2688 curationis
2073 2629 2253 2689 etiam

217 2725 485 2779 extrema
541 2716 918 2796 deposceret,
975 2733 1084 2794 ego
1140 2715 1387 2793 pudoris
1453 2723 1513 2776 et
1576 2717 1945 2777 reverentiae
2009 2716 2253 2778 modum

134 2826 190 2867 ss
220 2824 493 2886 servanS,
539 2824 718 2885 quem
764 2806 999 2865 cunctis
1047 2821 1284 2883 semper
1335 2803 1602 2884 exhibui,
1655 2807 1938 2885 prospexi
1983 2805 2057 2866 ad
2104 2813 2250 2866 tem-

217 2913 363 2976 puS,
421 2912 495 2954 ne
550 2895 736 2955 veluti
789 2896 983 2973 turpis
1039 2910 1183 2953 cura
1239 2893 1382 2953 forti
1426 2895 1554 2953 viro
1602 2893 2018 2972 adplicaretur.
2100 2893 2249 2955 Cum
2288 2902 2321 2951 3

219 3002 364 3063 ergo
412 2983 694 3044 vidissem
742 2983 897 3063 fysin
943 2984 1100 3064 eiuS,
1152 2999 1328 3060 quam
1377 2981 1449 3041 de
1496 2980 1695 3042 colore
1743 2981 1983 3066 collegi,
2031 2991 2090 3044 et
2138 2984 2249 3044 sic-

217 3074 401 3134 citate
469 3073 767 3132 viscerum
839 3071 1069 3150 fatigari
1137 3088 1273 3131 eum
1329 3071 1570 3149 penitus
1636 3071 2048 3152 advertissem,
2114 3072 2251 3133 ilico

214 3161 418 3222 infuso
476 3159 596 3222 sale
654 3179 864 3240 aquam
923 3159 1365 3238 frigidissimam
1422 3158 1608 3220 obtuli
1664 3162 1794 3221 eius
1855 3160 2081 3243 ardori3
2148 3163 2252 3241 qui

364 3338 396 3386 3
433 3332 726 3387 innomera
762 3336 860 3385 1m
894 3331 1188 3385 innumera.
1224 3336 1344 3387 2m.
1505 3335 1537 3384 6
1574 3330 1923 3411 perpetuum.
2086 3337 2117 3386 9
2157 3331 2250 3386 die

214 3405 280 3459 in
312 3420 537 3459 rasura.
713 3408 778 3456 13
817 3418 941 3458 com
979 3407 1011 3456 1
1023 3419 1078 3456 m
1120 3417 1246 3456 cum
1282 3406 1399 3457 2m.
1575 3408 1640 3457 16
1676 3401 2090 3471 mtelligentiae
2127 3408 2247 3459 2m.

219 3480 284 3529 1⁷
324 3473 480 3546 cum]
510 3473 753 3543 quicum.
901 3479 966 3528 19
1004 3472 1286 3543 proximos
1325 3478 1356 3526 1
1367 3490 1422 3527 m
1456 3471 1739 3542 proximus
1769 3477 1887 3528 2m.
2048 3478 2117 3527 23
2156 3490 2249 3528 cn-

214 3546 492 3602 rationem
531 3547 596 3599 in
629 3560 850 3599 rasura.
1021 3550 1092 3598 24
1129 3550 1256 3599 ante
1293 3546 1543 3598 extrema.
1569 3545 1697 3599 add.
1727 3560 1902 3613 swpra
1929 3544 2128 3599 lineam
2159 3545 2247 3601 ad.

216 3622 285 3671 27
322 3616 491 3688 fysen
529 3622 561 3671 1
572 3633 642 3672 m.
788 3621 856 3670 27
894 3614 1105 3685 colore]
1145 3616 1327 3670 colere
1368 3620 1399 3668 1
1408 3631 1463 3669 m
1500 3614 1686 3669 colera.
1720 3619 1839 3670 2m.
