2575 4092
1003 253 1478 338 ÷309—

219 415 330 476 das
378 414 546 475 dabis
593 414 707 476 coli
754 414 956 477 dolore
1004 416 1295 477 confecto.
1368 415 1601 477 Herbae
1645 418 1974 479 vettonicae
2011 418 2251 498 pollinis
2289 432 2356 481 21

220 497 306 591 ῼα
346 502 420 563 Vl
467 522 540 564 ex
587 522 773 583 aquae
822 503 1043 565 calidae
1082 505 1310 584 cyathis
1347 504 1543 567 tribus
1581 505 1768 567 colico
1805 509 2006 568 ieiuno
2045 507 2251 569 biben-

218 592 333 653 dos
378 610 488 671 per
533 592 799 654 triduum
847 592 1029 654 dabis.
1113 592 1544 675 Plantaginem,
1601 613 1753 675 quae
1800 598 1927 657 sine
1973 596 2252 676 lanugine
2290 608 2358 659 22

217 681 432 758 fuerit,
489 688 801 742 contusam
847 700 983 743 cum
1032 681 1151 743 sale
1199 682 1478 763 adponito
1535 683 1608 744 ad
1668 683 2015 747 umbilicum
2061 685 2252 767 colici,

160 788 187 830 5
216 772 375 832 mire
419 770 704 849 proderit.

401 857 631 921 Anulus
687 858 760 919 de
816 877 960 920 auro
1016 868 1177 920 texta
1222 862 1427 921 tunica
1474 861 1539 921 fit
1585 869 1818 942 exusta,
1874 863 1975 923 cui
2029 862 2248 925 inscul·
2285 875 2354 925 23

217 950 392 1028 pitur
435 950 564 1008 vice
611 965 876 1027 gemmae
921 950 1107 1028 piscis
1153 957 1255 1009 aut
1301 948 1574 1030 delfinuS,
1620 951 1708 1010 sic
1754 956 1824 1010 ut
1858 948 2249 1032 holochrysus

219 1038 305 1097 sit
352 1042 411 1097 et
456 1036 670 1097 habeat
715 1039 778 1097 in
824 1037 1050 1098 ambitu
1096 1038 1487 1099 rutunditatis
1534 1040 1867 1119 utriusque,
1917 1039 1979 1100 id
2026 1047 2120 1101 est
2163 1042 2251 1100 in-

217 1126 415 1186 terius
476 1133 535 1187 et
590 1127 854 1188 exterius
900 1125 1143 1188 Graecis
1188 1126 1405 1188 litteris
1452 1128 1770 1206 scriptum:
1839 1122 1987 1202 Θεὸς
2031 1125 2254 1190 κελεύει

137 1232 191 1272 10
220 1208 306 1293 μὴ
354 1209 524 1275 κύειν
566 1211 746 1276 κόλον
789 1208 1032 1289 πόνους.
1117 1214 1569 1276 Observandum
1614 1222 1811 1277 autem
1860 1219 2004 1298 erit,
2049 1226 2144 1298 ut,
2200 1219 2252 1279 si

218 1305 284 1363 in
334 1302 517 1363 latere
565 1305 810 1364 sinistro
858 1303 1028 1364 dolor
1073 1304 1281 1384 luerit,
1336 1306 1399 1364 in
1450 1323 1628 1366 manu
1676 1307 1916 1366 sinistra
1960 1305 2251 1367 habeatur

218 1391 456 1472 anuluS,
495 1400 597 1453 aut
632 1394 696 1452 in
736 1392 959 1473 dextra,
998 1395 1051 1453 si
1085 1392 1361 1454 dextrum
1398 1392 1552 1454 latus
1590 1392 1839 1474 dolebit3
1877 1392 2018 1455 luna
2052 1402 2250 1457 autem

219 1481 610 1541 decrescente
657 1481 753 1542 die
799 1480 954 1542 lovis
996 1483 1254 1560 primum
1293 1484 1356 1541 in
1395 1500 1570 1542 usum
1607 1480 1916 1542 habendus
1955 1485 2072 1544 erit
2108 1501 2251 1544 anu-

219 1568 336 1629 lus
417 1569 506 1630 Ad
554 1569 668 1630 coli
714 1568 979 1631 dolorem
1026 1572 1300 1650 requires
1345 1571 1551 1631 fimum
1597 1568 1724 1649 lupi
1780 1577 1840 1631 et
1886 1588 2045 1652 ossa,
2101 1589 2251 1651 quae
2290 1583 2360 1633 24

138 1674 190 1716 15
218 1656 445 1718 ibidem
492 1660 820 1738 inveneriS,
867 1658 1198 1720 contundes
1245 1667 1306 1719 et
1350 1658 1657 1737 pulverem
1704 1678 1774 1720 ex
1821 1658 1917 1719 his
1963 1660 2144 1721 facies
2192 1668 2255 1721 et

217 1748 284 1807 in
333 1764 484 1825 aqua
531 1746 743 1826 frigida
789 1749 989 1808 ieiuno
1036 1746 1359 1809 bibendum
1409 1747 1592 1808 dabis,

399 1834 489 1895 Ad
537 1835 651 1896 coli
697 1835 961 1897 dolorem
1010 1837 1105 1897 die
1150 1835 1258 1896 XII
1304 1835 1416 1897 kal.
1455 1836 1636 1915 April.
1682 1835 1863 1898 violas
1909 1855 2083 1898 mane
2130 1836 2248 1898 col·
2284 1849 2353 1899 25

215 1922 327 2002 ligi
380 1923 560 1984 facies
617 1932 677 1984 et
731 1926 847 1985 teri
899 1927 962 1985 in
1008 1925 1292 1985 mortario
1339 1924 1683 2007 diligenter,
1735 1933 1941 2003 postea
1986 1926 2049 1985 in
2094 1943 2250 1986 mor-

217 2015 441 2074 tarium
488 2014 684 2091 ipsum
726 2015 927 2074 mittes
965 2015 1089 2074 vini
1122 2015 1344 2074 veteris
1380 2016 1657 2092 potiones
1693 2012 1797 2073 VII
1833 2022 1892 2074 et
1930 2031 2066 2075 cum
2105 2021 2251 2075 tem-

97 2146 104 2152 .
140 2119 193 2159 20
219 2104 527 2181 peraveris
557 2120 694 2162 cum
714 2102 902 2183 violiS,
931 2121 964 2163 a
996 2102 1090 2163 die
1121 2120 1302 2181 supra
1331 2104 1554 2181 scripto
1584 2105 1856 2181 potiones
1884 2120 1993 2181 per
2022 2109 2252 2181 septem

218 2190 353 2251 dies
401 2192 718 2251 continuos
764 2190 949 2271 dahis,
996 2191 1101 2251 sed
1149 2199 1360 2253 cautus
1408 2209 1540 2252 esse
1588 2191 1769 2252 debes
1815 2193 1879 2251 in
1923 2189 2096 2252 violis
2133 2189 2250 2252 col-

215 2279 495 2360 ligendiS,
544 2281 679 2358 quia
725 2278 1042 2359 pleraeque
1090 2287 1232 2341 sunt
1275 2281 1502 2341 noxiae.

400 2367 489 2427 Ad
546 2367 662 2428 coli
716 2367 982 2428 dolorem
1038 2368 1303 2429 scribere
1349 2368 1531 2429 debes
1578 2370 1640 2429 iu
1684 2368 1901 2429 lamina
1947 2386 2126 2429 aurea
2172 2368 2245 2430 de
2284 2380 2351 2430 26

219 2457 407 2537 grafio
465 2474 644 2517 aureo
700 2457 855 2516 infra
902 2459 1158 2536 scriptos
1204 2457 1579 2518 characteres
1633 2456 1773 2517 luna
1818 2458 2009 2535 prima
2055 2458 2252 2536 vigen-

141 2562 193 2603 25
222 2548 375 2607 sima
426 2553 489 2606 et
533 2543 810 2606 laminam
853 2547 1043 2623 ipsam
1090 2548 1328 2607 mittere
1374 2547 1529 2605 intra
1576 2544 1851 2605 tubulum
1898 2563 2146 2606 aureum
2192 2553 2254 2606 et

220 2634 485 2713 desuper
540 2636 774 2712 operire
829 2633 921 2694 vel
985 2633 1283 2694 involvere
1345 2632 1620 2694 tubulum
1678 2634 1876 2713 ipsum
1938 2632 2094 2714 pelle
2158 2652 2252 2695 ca-

219 2725 394 2802 prina
443 2729 503 2783 et
549 2725 789 2801 caprina
836 2724 1090 2802 corrigia
1136 2722 1320 2802 ligare
1365 2723 1429 2782 in
1473 2722 1625 2801 pede
1672 2721 1899 2801 dextro,
1947 2725 2001 2782 si
2045 2722 2253 2783 dextra

219 2829 364 2891 pars
412 2813 682 2890 corporis
729 2809 858 2872 colo
905 2810 1221 2892 laborabit,
1268 2818 1372 2872 aut
1416 2812 1478 2871 in
1527 2812 1793 2891 sinistra,
1845 2813 1897 2871 si
1943 2809 2029 2871 ibi
2075 2828 2254 2870 causa

224 2901 434 2980 suerit,
498 2899 718 2960 habere
776 2899 1040 2982 debebit3
1105 2900 1209 2961 sed
1266 2900 1409 2961 dum
1463 2895 1669 2960 ut'etur
1724 2901 1859 2978 quis
1913 2898 2028 2959 hoc
2085 2916 2254 2977 prae-

143 3005 198 3046 30
225 2988 536 3070 ligamine,
603 2988 899 3049 abstineat
971 3007 1186 3049 venere
1262 2997 1323 3050 et
1395 3006 1473 3048 ne
1544 2987 1856 3049 mulierem
1919 2996 2022 3049 aut
2084 3006 2252 3066 prae-

223 3086 507 3157 gnantem
581 3079 885 3156 contingat
949 3086 1063 3139 aut„
1124 3077 1466 3156 sepulcrum
1542 3078 1942 3157 ingrediatur,
2011 3080 2253 3137 omnino

222 3165 546 3228 observare
609 3165 883 3247 debebit3
946 3166 1019 3226 ad
1074 3168 1269 3246 ipsum
1335 3175 1534 3227 autem
1594 3165 1710 3226 coli
1765 3164 2030 3226 dolorem
2086 3167 2251 3245 peni-

223 3264 324 3317 tus
390 3254 760 3336 evitandum,
824 3261 893 3315 ut
958 3256 1268 3316 sinistrum
1331 3256 1545 3334 pedem
1610 3272 1847 3333 semper
1910 3256 2080 3332 prius
2140 3252 2254 3314 cal-

406 3413 438 3462 2
475 3406 799 3464 bibendum.
989 3414 1021 3463 6
1058 3408 1263 3462 tonica..
1448 3413 1477 3461 7
1517 3407 1806 3462 olocrisuS.
1988 3413 2020 3462 8
2057 3407 2253 3462 rutun-

225 3478 423 3535 ditatis
460 3479 601 3548 (sic).
732 3481 792 3534 et
828 3479 956 3534 add.
995 3485 1123 3535 ante
1157 3479 1393 3534 interius
1431 3484 1551 3536 2m.
1681 3482 1748 3532 21
1791 3477 1967 3545 debis,
2004 3479 2131 3533 item
2167 3484 2254 3532 23.

224 3556 294 3605 24
332 3551 658 3606 caracteres.
791 3549 1105 3620 viginsima..
1223 3555 1293 3606 28
1332 3549 1381 3603 si
1418 3550 1546 3605 add.
1586 3553 1713 3604 ante
1748 3548 1823 3603 in.
1941 3555 2011 3604 30
2046 3548 2254 3603 venire.

221 3621 575 3691 prenanbem.
