2575 4092
1103 230 1532 296 ..23-

306 396 472 456 lauro
528 397 788 473 incocta3
856 411 973 472 quo
1041 401 1312 472 tempore
1368 396 1543 454 etiam
1602 400 2144 457 sternutamentum
2201 415 2340 458 con-

307 487 491 546 citare
556 501 677 545 non
742 481 999 542 alienum
1048 484 1162 544 erit
1216 482 1330 543 hoc
1386 482 1843 564 medicamento,
1901 485 2060 564 quod
2116 505 2189 546 ex
2244 486 2341 546 his

306 572 489 635 rebus
527 573 912 651 conponitur:
960 570 1195 632 Veratri
1232 570 1367 653 albi,
1415 573 1688 652 castorei,
1737 572 1997 656 struthii,
2045 575 2203 655 quod
2248 585 2341 637 est

305 662 473 723 radix
520 661 769 741 lanaria,
814 662 1040 740 piperis
1088 659 1229 742 albi,
1286 661 1659 740 singulorum
1706 659 1757 720 Χ
1805 663 2088 741 singulos,
2178 663 2339 726 Haec

306 759 555 813 contusa
611 752 873 810 tenuiter
928 750 1121 811 forato
1177 749 1378 811 cribro
1435 752 1943 834 transmittantur3
2001 771 2138 814 cum
2185 773 2336 834 opus
2363 769 2393 811 5

307 841 515 920 fuerit,
571 858 680 918 per
725 841 969 918 pinnam
1028 847 1132 900 aut
1186 838 1475 900 calamum
1524 841 1908 918 scriptorium
1955 841 2200 903 naribus
2246 846 2336 904 in·

308 929 626 991 sufflentur
680 928 774 988 vel
830 927 1076 1008 specillo
1131 929 1321 990 tincto
1380 931 1443 990 in
1490 947 1641 1009 aqua
1689 937 1749 990 et
1796 947 2047 991 excusso
2092 932 2338 994 naribus

306 1021 650 1080 iniciuntur.
731 1016 1006 1079 Proderit
1053 1025 1254 1079 autem
1299 1017 1369 1078 ad
1418 1026 1961 1080 sternutamentum
2006 1022 2184 1081 etiam
2229 1040 2340 1101 per

309 1127 372 1169 se
430 1116 747 1168 contusum
801 1115 862 1169 et
907 1105 1113 1168 eadem
1160 1108 1390 1168 ratione
1437 1109 1726 1169 iniectum
1772 1118 2073 1169 veratrum
2121 1109 2338 1193 album,

306 1196 566 1275 linguam
616 1197 773 1255 enim
823 1198 1040 1257 siccam
1080 1203 1140 1256 et
1177 1196 1401 1257 aridam
1439 1196 1795 1258 sternutatio
1833 1199 2033 1258 statim
2070 1199 2335 1261 inundat.
2366 1216 2419 1256 io

202 1295 266 1346 11
307 1285 528 1364 Capitis
576 1284 840 1345 dolorem
889 1287 1156 1364 quamvis
1194 1292 1457 1346 veterem
1495 1293 1555 1346 et
1591 1284 2025 1347 intolerabilem
2062 1291 2339 1367 protinus

308 1373 462 1436 tollit
517 1384 578 1436 et
613 1376 677 1434 in
733 1382 1090 1455 perpetuum
1147 1374 1437 1435 remediat
1483 1375 1733 1453 torpedo
1780 1377 1952 1454 nigra
1996 1379 2126 1437 viva
2171 1380 2339 1458 inpo-

308 1465 420 1524 sita
476 1466 532 1524 ei
586 1461 745 1543 loco,
802 1464 904 1542 qui
961 1466 1024 1524 in
1082 1462 1286 1524 dolore
1346 1471 1463 1543 est,
1523 1463 1711 1525 donec
1769 1463 2001 1526 desinat
2057 1466 2227 1527 dolor
2279 1474 2341 1528 et

308 1552 686 1632 obtorpescat
733 1569 801 1611 ea
837 1570 1005 1632 pars;
1053 1551 1213 1632 quod
1252 1570 1391 1613 cum
1427 1554 1686 1631 primum
1726 1556 1983 1615 senserit
2020 1557 2124 1635 qui
2163 1556 2339 1638 dolet,

306 1650 682 1704 removeatur
747 1641 1104 1723 remedium,
1170 1660 1246 1703 ne
1312 1658 1525 1702 sensus
1584 1643 1890 1703 auferatur
1945 1645 2076 1704 eius
2131 1649 2336 1724 partis,
2368 1661 2423 1703 15

307 1732 520 1794 Plures
576 1738 774 1793 autem
829 1731 1125 1809 parandae
1182 1738 1323 1792 sunt
1368 1729 1714 1809 torpedines
1770 1733 2039 1793 eiusdem
2084 1737 2341 1816 generiS‚

308 1824 446 1901 quia
500 1838 946 1899 nonnumquam
1006 1823 1100 1881 vix
1155 1819 1227 1882 ad
1275 1819 1423 1880 duas
1479 1826 1676 1880 tresve
1723 1821 2047 1901 respondet
2092 1826 2342 1906 curatio,

202 1920 266 1968 12
306 1911 366 1972 id
415 1919 507 1971 est
553 1918 780 1990 torpor,
826 1909 984 1989 quod
1034 1912 1267 1988 signum
1318 1916 1411 1968 est
1456 1909 1916 1971 remediationiS.
1991 1910 2081 1971 Ad
2130 1914 2341 1991 capitis

308 1998 570 2060 dolorem
628 1999 851 2058 factum
899 2016 971 2057 ex
1017 1999 1364 2077 perustione
1411 1997 1656 2075 prodest
1703 2016 1873 2060 rosae
1922 1998 2111 2062 bonae
2158 2020 2340 2063 sucus

306 2088 540 2148 infusus
588 2088 787 2165 capiti,
834 2085 938 2146 sed
986 2104 1122 2147 cum
1169 2105 1315 2147 suco
1363 2085 1435 2145 de
1474 2088 1659 2147 moris
1697 2088 1850 2149 sacto
1890 2089 2021 2167 pari
2057 2108 2338 2152 mensura
2367 2106 2427 2147 eo

204 2192 268 2241 13
308 2177 586 2237 admixto,
658 2174 744 2234 Ad
799 2176 1011 2253 capitis
1058 2174 1321 2236 dolorem
1371 2174 1590 2236 sactum
1640 2195 1711 2236 ex
1756 2179 2147 2256 perfrictione
2194 2183 2341 2241 satis

305 2265 551 2346 prodest
584 2263 783 2324 oleum
808 2265 1032 2324 irinum
1060 2282 1196 2325 cum
1227 2263 1488 2342 serpullo
1519 2271 1579 2324 et
1607 2267 1820 2345 exiguo
1851 2277 2019 2329 aceto
2048 2268 2341 2352 infusum3

307 2356 494 2433 magis
524 2360 741 2433 autem,
770 2354 822 2413 si
849 2360 952 2413 aut
978 2353 1149 2413 iridis
1176 2353 1346 2414 radix
1366 2359 1467 2414 aut
1484 2352 1813 2433 peucedani
1835 2374 2015 2418 sucus
2034 2357 2340 2436 prioribus

307 2443 603 2504 admixtus
649 2442 846 2502 fuerit.
921 2440 1173 2503 Prodest
1219 2450 1280 2504 et
1316 2450 1452 2503 ruta
1491 2460 1625 2503 cum
1665 2443 1793 2505 oleo
1831 2447 1987 2506 irino
2028 2455 2087 2506 et
2125 2450 2340 2527 exiguo

307 2541 473 2593 aceto
517 2537 686 2593 cocta
732 2538 792 2591 et
838 2531 1036 2610 tepide
1073 2532 1269 2592 infusa
1308 2532 1487 2610 capiti
1524 2548 1635 2593 nec
1674 2535 1871 2595 minus
1909 2544 2164 2614 prosunt
2201 2537 2340 2598 folia
2368 2550 2425 2592 2⁵

307 2621 460 2682 lauri
506 2639 644 2682 cum
689 2622 844 2680 irino
892 2619 1023 2681 oleo
1070 2627 1130 2680 et
1173 2623 1386 2699 exiguo
1426 2628 1594 2681 aceto
1635 2624 1772 2683 trita
1811 2631 1872 2684 et
1908 2625 2105 2686 infusa
2143 2628 2339 2705 capiti.

206 2723 272 2772 14
309 2710 398 2771 Ad
447 2711 659 2789 capitis
707 2708 970 2769 dolorem
1017 2710 1239 2770 factum
1286 2728 1360 2770 ex
1406 2712 1542 2771 vino
1584 2712 1768 2772 nimio
1808 2722 2061 2790 prosunt
2100 2715 2340 2794 quidem

309 2808 368 2861 et
417 2818 501 2881 ea,
550 2816 699 2879 quae
747 2797 1002 2858 diximus
1048 2798 1343 2877 proficere
1390 2800 1463 2859 ad
1502 2802 1710 2878 capitis
1749 2800 2014 2862 dolorem
2053 2821 2127 2863 ex
2165 2822 2341 2882 peru-

309 2891 501 2950 stione
548 2889 793 2948 factum:
840 2896 1093 2965 prosunt
1140 2895 1200 2947 et
1246 2895 1416 2949 rutae
1464 2887 1600 2949 folia
1643 2891 1783 2950 trita
1831 2909 1971 2951 cum
2007 2899 2193 2974 aceto,
2242 2892 2339 2953 ad-

307 2981 488 3038 mixta
536 2979 623 3037 eis
670 2994 824 3057 rosa,
871 2985 931 3036 et
976 2993 1162 3036 nuces
1205 2995 1437 3038 amarae
1477 2977 1684 3038 eodem
1722 2980 1914 3040 modo.
1990 2979 2243 3042 Faciunt
2281 2990 2428 3043 etan

309 3069 464 3145 agni„
491 3065 647 3146 folia,
696 3083 846 3147 quae
893 3071 1223 3126 nascuntur
1270 3067 1332 3126 in
1382 3066 1671 3149 virgultiS,
1721 3068 1939 3147 quibus
1978 3069 2190 3132 Graeci
2226 3089 2337 3150 pro

308 3154 627 3216 viminibus
684 3161 938 3214 utuntur
1005 3153 1330 3234 eademque
1384 3154 1552 3236 lygus
1599 3156 1921 3240 appellant,
1977 3177 2113 3220 cum
2170 3160 2342 3220 iridis

205 3257 270 3306 15
309 3244 508 3306 aridae
541 3242 753 3307 ‚radice
799 3244 940 3303 trita
986 3244 1169 3304 mixta
1217 3246 1305 3304 eis
1354 3263 1487 3306 rosa
1528 3253 1705 3324 atque
1744 3253 1927 3307 aceto.
2000 3247 2090 3308 Ad
2129 3251 2342 3328 capitis

309 3333 571 3394 dolorem
628 3332 850 3392 factum
907 3350 976 3392 ex
1025 3333 1150 3392 ictu
1198 3342 1302 3393 aut
1348 3352 1489 3395 casu
1537 3352 1568 3394 e
1617 3333 1857 3395 sublimi
1914 3336 2158 3414 prodest
2205 3356 2343 3399 rosa

448 3474 480 3522 3
519 3464 773 3538 struthii]
810 3466 1080 3536 pyrethri.
1185 3474 1217 3523 7
1256 3469 1493 3539 spicillo.
1599 3476 1663 3524 13
1702 3470 1911 3526 dolore.
2050 3478 2117 3527 16
2153 3474 2343 3544 turpe-

306 3539 481 3595 dineS.
596 3544 660 3593 19
699 3538 1095 3608 perustionem.
1207 3545 1274 3594 29
1313 3539 1461 3596 irita.
1573 3547 1637 3595 31
1679 3540 1861 3597 hacni.
1963 3547 2034 3597 34
2069 3545 2171 3599 aut
2207 3560 2344 3600 casu

305 3628 471 3670 eom.
