2575 4092
1128 255 1200 265 —
1299 221 1605 286 242—

249 396 317 446 ‘12
533 383 821 445 Catellum
867 384 1182 446 lactantem
1233 383 1306 444 de
1345 401 1530 444 canna
1568 384 1773 444 occide
1821 393 1880 443 et
1917 381 1990 442 de
2027 384 2156 460 ipsa
2195 399 2386 443 canna

355 471 620 551 splenem
679 475 808 533 eius
865 472 1003 534 tolle
1061 491 1127 533 ac
1183 473 1476 533 nescienti
1536 470 1847 550 splenitico
1901 472 1965 531 in
2020 469 2386 531 carbonibus

248 573 315 623 ‘13
355 569 591 622 coctum
639 560 731 622 vel
775 569 1035 622 assatum
1074 560 1550 622 manducandum
1587 560 1740 620 dato.
1815 560 2183 620 Ammoniaci
2221 557 2384 638 drag.

353 667 456 710 sex
504 669 576 710 ex
625 657 792 710 aceto
841 648 1055 711 dilutas
1103 668 1209 728 per
1258 667 1361 709 sex
1408 649 1536 710 dies
1583 648 1809 709 lienoso
1850 649 2051 708 ieiuno
2090 647 2259 708 dabis
2297 647 2385 708 hi-

352 738 603 820 bendas,
658 740 740 799 ita
795 750 862 799 ut
919 739 1168 818 singulis
1224 736 1436 799 diebus
1483 736 1745 816 singulas
1792 736 2065 814 dragmas
2111 738 2438 814 accipiat.5

247 837 314 887 74
349 827 520 888 Aceti
569 826 830 890 scillitici
866 827 1127 888 Africani
1173 826 1416 906 cyathos
1463 835 1586 886 tres
1634 834 1694 885 et
1739 828 1895 886 roris
1931 827 2145 886 marini
2188 857 2267 868 —
2303 824 2385 884 111

352 923 628 977 conteres
688 916 1004 995 diligenter
1059 934 1126 976 ac
1181 918 1382 976 ieiuno
1439 916 1664 975 lienoso
1720 932 1829 993 per
1883 913 2149 974 triduum
2212 913 2384 974 dabis

354 1003 667 1086 bibendas3
714 1023 826 1083 qua
873 1005 1142 1083 potione,
1190 1005 1240 1064 si
1290 1002 1432 1084 quid
1480 1011 1724 1082 experto
1772 1002 2063 1082 creditur,
2112 1002 2381 1082 spleniti·

351 1111 486 1154 cum
534 1093 607 1154 de
654 1093 863 1154 ultimo
911 1091 1177 1171 periculo
1225 1090 1524 1152 liberabis.
1737 1142 1742 1149 .

245 1193 310 1243 ‘15
526 1180 826 1260 Malagma,
875 1179 1031 1259 quod
1081 1188 1140 1241 et
1187 1179 1412 1258 splenis
1459 1188 1519 1241 et
1565 1181 1843 1240 iocineris
1883 1179 2146 1240 dolorem
2185 1186 2246 1239 et
2285 1186 2378 1239 tu·
2410 1197 2459 1237 10

352 1287 577 1329 morem
608 1270 1021 1347 potentissime
1052 1276 1248 1330 curat:
1288 1268 1788 1346 crocomagmatis
1818 1270 2142 1328 sextarium
2172 1287 2382 1348 unum,

352 1366 553 1437 guttae
601 1359 951 1418 ammoniaci
997 1356 1206 1417 libram
1253 1375 1459 1438 unam,
1515 1375 1687 1418 cerae
1740 1356 1951 1417 libram
1998 1374 2206 1436 unam,
2262 1357 2384 1417 olei

351 1448 579 1507 rosacei
619 1479 700 1487 --
733 1445 831 1506 111.
907 1446 1352 1506 Ammoniacum
1399 1465 1533 1506 cum
1582 1457 2050 1523 crocomagmate
2098 1463 2170 1504 ex
2210 1454 2380 1506 aceto

353 1546 529 1615 teres,
576 1538 658 1595 ita
696 1543 764 1595 ut
801 1534 982 1595 colari
1018 1538 1224 1615 possit,
1262 1545 1441 1612 atque
1481 1532 1600 1595 illic
1640 1533 1837 1595 triduo
1877 1552 2007 1594 esse
2044 1536 2380 1615 permittes,

351 1623 540 1684 donec
586 1623 779 1684 mellis
827 1624 1276 1701 spissitudinem
1323 1621 1561 1703 habeat3
1615 1630 1819 1701 postea
1878 1640 2013 1682 cera
2060 1621 2381 1701 liquefacta
2407 1639 2457 1679 15

348 1722 409 1772 et
468 1730 775 1772 rosaceum
834 1710 1056 1790 oleum,
1114 1711 1217 1772 sed
1276 1728 1412 1771 cum
1470 1729 1575 1771 sua
1631 1729 1763 1770 rosa
1820 1713 2026 1771 tritum
2083 1711 2379 1771 adicietur

347 1808 407 1860 et
465 1800 642 1860 simul
688 1802 965 1860 universa
1013 1800 1356 1878 diligentius
1404 1807 1791 1860 conterentur
1837 1808 2015 1878 atque
2061 1800 2379 1860 inductum

347 1891 409 1949 in
457 1907 653 1967 panno
700 1889 1066 1949 medicamen
1114 1889 1306 1967 spleni
1354 1886 1447 1948 vel
1493 1890 1676 1948 iecori
1725 1889 2073 1967 adponetur.

241 1989 307 2038 ’16
526 1977 684 2038 Picis
742 1977 924 2038 durae
982 1979 1330 2056 sextarium,
1388 1975 1632 2037 sulfuris
1690 1978 1805 2037 vivi
1865 2011 1940 2020 —
1992 1976 2016 2035 1
2073 1976 2251 2036 simul
2304 1976 2376 2037 ad

349 2069 545 2145 ignem
594 2068 831 2127 remitte
879 2075 938 2125 et
984 2068 1277 2144 permisce
1326 2073 1502 2144 atque
1551 2066 1611 2124 in
1659 2065 1863 2125 charta
1902 2067 2128 2144 virgine
2166 2064 2374 2126 induc·
2402 2083 2452 2122 20
2515 2096 2522 2106 ·

345 2162 471 2213 tum
522 2154 712 2233 spleni
759 2152 1016 2233 adpone3
1074 2171 1190 2212 non
1243 2156 1412 2231 prius
1459 2153 1845 2233 emplastrum
1892 2153 1965 2214 ab
2012 2172 2082 2213 eo
2129 2154 2377 2214 recedet

345 2260 519 2321 quam
567 2244 807 2320 penitus
852 2249 1222 2319 persanetur.

239 2343 304 2391 77
520 2329 607 2390 Ad
641 2328 908 2407 splenem
938 2330 1267 2390 remedium
1298 2330 1615 2410 singulare,
1654 2330 1812 2409 quod
1841 2331 1915 2390 de
1947 2331 2374 2409 experimentis

343 2417 608 2496 probatis
638 2417 994 2478 Gamalielus
1032 2417 1368 2496 patriarcha
1410 2421 1679 2497 proxime
1719 2419 1996 2498 ostendit,
2036 2422 2148 2479 sic:
2196 2417 2369 2497 Lapi-

344 2506 434 2566 dis
459 2508 593 2567 Assi
626 2510 855 2567 unciam
888 2524 1067 2567 unam
1096 2508 1294 2587 semiS,
1327 2509 1472 2568 visci
1503 2509 1773 2586 quercini
1801 2511 2010 2569 uncias
2040 2526 2160 2588 sex,
2190 2507 2371 2568 calcis
2396 2524 2447 2564 25

345 2595 505 2654 vivae
553 2596 759 2655 uncias
808 2604 949 2675 treS‚
997 2594 1109 2656 olei
1157 2595 1385 2656 cedrini
1426 2597 1661 2656 unciam
1698 2614 1892 2657 unam.
1959 2595 2118 2656 Haec
2158 2614 2192 2656 a
2229 2596 2372 2657 luna

343 2690 504 2742 sexta
555 2683 781 2744 decima
829 2684 1040 2744 confici
1098 2691 1158 2744 et
1214 2685 1394 2763 coqui
1449 2682 1694 2764 debent3
1750 2685 2120 2745 omnifariam
2172 2692 2371 2745 tamen

342 2780 477 2850 post
522 2773 786 2850 quintam
833 2772 1123 2833 decimam
1160 2771 1361 2832 lunam
1400 2770 1576 2832 debet
1612 2773 1727 2833 hoc
1766 2774 2133 2834 medicamen
2169 2775 2373 2851 parari

343 2869 402 2921 et
440 2871 558 2920 tam
587 2860 692 2921 diu
731 2863 925 2941 coqui,
963 2860 1153 2921 donec
1182 2860 1397 2920 habeat
1426 2862 1687 2938 speciem
1717 2861 2109 2941 malagmatis3
2151 2861 2369 2923 deinde

345 2948 616 3009 manibus
673 2948 869 3028 subigi
924 2958 1001 3009 et·
1030 2950 1234 3009 induci
1279 2951 1341 3009 in
1387 2948 1602 3027 pellem
1647 2950 1958 3011 alutaciam
2003 2958 2183 3029 atque
2230 2950 2370 3011 inde
2395 2968 2449 3008 so

344 3046 552 3115 tepens
599 3037 729 3097 loco
778 3037 1000 3116 splenis
1047 3037 1263 3116 adponi
1311 3038 1609 3117 fasciaque
1648 3038 1836 3121 ligari,
1884 3046 1951 3099 ut
1988 3038 2107 3099 illic
2144 3039 2369 3117 iugiter

343 3132 574 3185 maneat
621 3124 831 3185 diebus
879 3143 945 3185 ac
1003 3124 1278 3186 noctibus
1328 3126 1831 3208 quattuordecim,
1885 3146 1994 3206 per
2041 3145 2191 3206 quos
2239 3128 2369 3188 dies

343 3213 757 3274 abstinendum
794 3211 1019 3273 balneis
1058 3222 1117 3275 et
1156 3214 1385 3292 frigidis
1424 3222 1484 3275 et
1520 3233 1734 3275 venere
1775 3223 1834 3276 et
1870 3217 2062 3294 pomis
2091 3215 2368 3277 omnibus

342 3313 401 3363 et
447 3302 751 3364 holeribus
799 3309 859 3363 et
904 3301 1179 3363 dulcibus
1225 3304 1547 3384 universis3
1596 3312 1791 3365 tamen
1838 3311 2105 3384 tempore
2152 3303 2367 3366 hiemis

236 3537 266 3548 -
516 3517 549 3564 6
588 3507 799 3564 scilliti.
930 3515 995 3564 12
1034 3509 1305 3564 ammoni.
1428 3516 1494 3564 14
1531 3510 1770 3566 colorari
1813 3510 2132 3566 Gornarius.
2241 3528 2365 3582 per·

339 3578 552 3635 mittas.
698 3587 764 3636 18
801 3580 992 3636 ieeuri.
1138 3587 1208 3635 24
1244 3581 1597 3650 gamelielus.
1742 3588 1810 3636 25
1850 3581 2160 3652 quei-quini.
