2575 4092
1087 238 1569 304 —104—

313 403 588 463 anserina
626 400 809 481 adeps
848 401 969 463 sola
1007 401 1323 481 diligenter
1361 410 1684 481 expurgata
1721 400 1959 481 lenique
1994 403 2129 481 igne
2161 402 2347 482 lique·

315 492 465 553 facta
513 489 708 552 infusa
756 490 1056 551 auriculae
1104 499 1164 552 et
1211 490 1476 551 dolorem
1515 490 1668 552 tollit
1705 498 1766 551 et
1801 493 2011 552 vitium
2049 499 2346 570 persanat.

312 579 534 641 Eadem
601 580 784 658 adeps
847 580 1079 641 adiecto
1139 581 1318 640 ocimi
1380 598 1527 640 suco
1592 579 1884 660 tepefacta
1940 580 2348 660 instillataque

207 682 274 733 97
314 670 551 731 dolores
605 667 1008 730 auricularum
1063 668 1424 729 infantilium
1479 667 1649 731 levat,
1740 668 1957 729 Aranei
2001 671 2130 730 triti
2175 687 2350 730 umor

315 775 636 838 expressus
700 765 761 818 et
820 776 990 819 rosae
1046 757 1306 836 liquidae
1364 765 1652 835 quantum
1707 756 2007 818 videbitur
2060 759 2348 819 inmixtus
2376 775 2404 815 5

314 846 564 926 lanaque
616 845 781 907 molli
825 846 1151 907 madefacta
1196 845 1498 908 auriculae
1546 849 1808 907 insertus
1854 848 2138 907 continuo
2184 846 2346 907 dolo·

208 948 277 997 98
315 954 442 997 rem
498 934 736 996 relevat.
830 935 1051 1013 Spuma
1107 937 1245 1015 equi
1305 952 1515 995 recens
1571 935 1833 996 detracta
1900 943 1960 995 et
2019 954 2156 996 cum
2215 935 2348 996 oleo

314 1043 490 1086 roseo
536 1024 732 1086 infusa
779 1024 1182 1084 auricularum
1231 1026 1501 1103 quamvis
1547 1023 1927 1085 vehementes
1972 1023 2209 1085 dolores
2255 1043 2349 1085 re-

209 1126 277 1175 99
317 1114 507 1175 solvit.
581 1112 900 1173 Verrinum
946 1112 1021 1172 fel
1068 1114 1132 1173 in
1178 1112 1318 1173 mali
1356 1111 1568 1172 Punici
1614 1120 1750 1174 cute
1789 1115 1947 1174 sicca
1984 1112 2348 1193 tepefactum

211 1201 708 1280 looinfusumque
764 1200 1115 1279 purulentas
1171 1200 1467 1262 auriculas
1524 1210 1830 1280 expurgat.
1925 1201 2154 1283 Verris,
2207 1220 2347 1263 cum
2378 1218 2438 1259 ιο

316 1291 570 1351 scrofam
618 1288 816 1371 saliet,
870 1292 1221 1369 priusquam
1267 1291 1331 1350 in
1376 1298 1598 1350 terram
1645 1290 1905 1351 destillet
1949 1290 2023 1351 de
2071 1290 2350 1352 verendis

317 1382 473 1459 eius,
530 1381 692 1439 virus
758 1386 1073 1457 exceptum
1130 1377 1609 1458 tepefactumque
1677 1398 1814 1440 cum
1870 1397 2058 1458 aquae
2113 1380 2348 1440 modico

317 1466 617 1529 auriculae
663 1467 918 1528 inditum
966 1470 1233 1546 quamvis
1281 1467 1562 1528 molestos
1607 1468 1844 1529 dolores
1893 1467 2141 1549 relevat3
2187 1467 2347 1548 quod

212 1559 501 1618 101etiam
568 1559 726 1617 circa
790 1555 1115 1617 auriculam
1181 1555 1417 1617 inlitum
1472 1557 1796 1635 plurimum
1851 1557 2112 1637 prodest.
2202 1557 2350 1635 Apri

315 1646 526 1707 lotium
572 1646 835 1706 infusum
881 1645 1182 1706 auriculae
1230 1643 1395 1705 valde
1443 1645 1744 1727 medetur3
1790 1646 1948 1725 quod
1997 1649 2134 1724 quia
2182 1654 2349 1706 vetu-
2378 1662 2440 1703 ιε

320 1745 479 1796 stum
516 1737 703 1813 magis
742 1734 1004 1815 prodest,
1040 1733 1358 1795 collectum
1387 1736 1613 1794 servari
1649 1733 1827 1795 debet
1864 1738 1927 1794 in
1967 1753 2102 1795 vaso
2142 1737 2350 1814 vitreo,

215 1834 315 1883 102
329 1832 398 1884 ut
436 1825 514 1884 sit
551 1824 623 1885 ad
660 1823 923 1884 remedia
962 1831 1397 1902 praeparatum.
1472 1823 1620 1884 Cum
1652 1822 1786 1883 felle
1816 1823 2062 1884 vitulino
2091 1832 2154 1884 et
2180 1831 2350 1884 aceto

316 1914 445 1991 pari
492 1930 772 1973 mensura
818 1914 1115 1989 serpentis
1162 1921 1468 1991 senectuS‚
1521 1911 1580 1971 id
1639 1920 1732 1972 est
1777 1915 2045 1993 exuviae,
2104 1912 2351 1972 decocta

318 2010 379 2062 et
449 2000 643 2062 lanula
716 2000 1043 2061 madefacta
1118 2000 1615 2061 medicamentum
1681 2000 1982 2061 auriculae
2057 2003 2351 2061 insertum

320 2091 604 2150 maximae
653 2089 926 2149 utilitatis
974 2106 1106 2149 esse
1154 2089 1438 2169 creditur,
1486 2092 1536 2149 si
1583 2090 1751 2169 prius
1795 2090 2048 2150 ferventi
2085 2108 2235 2169 aqua
2274 2090 2350 2150 de
2378 2106 2441 2147 20

214 2191 314 2241 103
328 2179 555 2255 sfungia
593 2194 797 2238 aurem
837 2176 1071 2237 foveris.
1147 2176 1329 2238 Vituli
1366 2178 1601 2257 adipem
1637 2178 1959 2239 resolutam
1998 2196 2143 2239 suco
2171 2180 2352 2239 ocimi

318 2267 546 2327 adiecto
586 2267 638 2327 si
665 2267 892 2344 pariter
921 2266 1273 2343 tepefactam
1305 2266 1602 2328 auriculae
1633 2267 1942 2348 infuderiS,
1979 2268 2350 2328 amarissimo

213 2354 703 2420 104incommodo
756 2353 1123 2415 laborantem
1169 2358 1456 2416 continuo
1502 2355 1800 2417 liberabis
1891 2355 2146 2417 Medulla
2193 2358 2350 2417 eius-

318 2444 453 2504 dem
500 2443 668 2505 vituli
716 2461 928 2504 recens
976 2462 1113 2504 cum
1152 2445 1387 2522 cymino
1424 2447 1679 2506 contrita
1718 2444 2034 2524 infusaque
2081 2446 2351 2523 quamvis
2412 2479 2431 2492 ι

317 2549 563 2610 magnos
618 2531 855 2593 dolores
910 2532 1210 2593 auriculae
1258 2534 1457 2593 statim
1504 2534 1728 2594 relevat
1772 2540 1831 2594 et
1876 2536 2034 2594 intra
2081 2534 2350 2595 triduum
2379 2549 2441 2592 ss

214 2621 496 2682 105tollit.
589 2620 825 2682 Lotium
872 2623 1183 2701 caprinum
1229 2621 1582 2683 instillatum
1629 2622 1893 2683 dolorem
1941 2623 2132 2704 sedat3
2191 2622 2349 2701 quod

319 2712 505 2789 magis
560 2710 844 2790 prodesse
902 2711 1246 2788 suppuratis
1303 2710 1549 2771 auribus
1604 2711 1978 2793 adfirmatur,
2038 2710 2116 2771 ob
2173 2729 2351 2791 quam

319 2816 558 2859 causam
613 2800 945 2879 praesentis
1000 2798 1205 2859 auxilii
1258 2798 1462 2876 plures
1515 2809 1832 2880 exceptum
1896 2810 1957 2861 et
2011 2818 2200 2861 cornu
2256 2818 2352 2861 ca-

318 2890 493 2966 prino
530 2888 784 2949 inditum
823 2890 884 2947 in
923 2887 1086 2948 fumo
1121 2905 1480 2966 suspensum
1519 2888 1836 2967 diligenter
1873 2889 1943 2949 ad
1982 2890 2352 2950 necessarias

216 2976 610 3037 loamedellas
669 2984 990 3037 reservant.
1082 2974 1263 3036 Pueri
1316 2976 1558 3055 inpubis
1613 2979 1933 3056 mingentis
1985 2976 2196 3039 lotium
2253 2997 2351 3038 ex·
2383 2993 2445 3034 so

320 3072 559 3143 ceptum
612 3073 672 3126 et
718 3083 931 3125 recens
977 3083 1045 3125 ac
1091 3065 1359 3143 tepidum
1407 3066 1706 3126 auriculae
1755 3074 2114 3146 suppuratae
2160 3067 2353 3128 instil-

319 3152 501 3214 latum
557 3172 765 3214 umore
823 3156 1120 3214 exsiccato
1176 3152 1443 3214 dolorem
1499 3153 1653 3215 tollit
1718 3166 1778 3216 et
1841 3158 1990 3216 mira
2046 3155 2353 3217 celeritate

216 3255 315 3305 107
329 3241 530 3303 ulcera
578 3242 649 3302 ad
698 3244 1010 3303 sanitatem
1053 3243 1347 3320 perducit.
1424 3242 1614 3304 Saliva
1659 3244 1916 3304 hominis
1961 3246 2148 3304 ieiuni
2194 3247 2354 3306 auri·

320 3331 492 3392 culae
530 3331 717 3393 indita
753 3349 1003 3411 vermeS‚
1052 3333 1103 3391 si
1142 3334 1246 3410 qui
1284 3340 1480 3411 erunt,
1528 3329 1843 3412 erumpere
1881 3351 1953 3393 ex
1991 3351 2058 3393 ea
2098 3341 2354 3395 constat.

216 3420 617 3500 108Butyrum
690 3438 903 3481 recens
968 3420 1317 3481 instillatum
1388 3439 1627 3482 umores
1693 3421 2048 3500 doloresque
2115 3424 2353 3484 aurium
2385 3439 2446 3481 35

466 3614 494 3663 1
515 3608 631 3664 leni
649 3609 852 3679 scripsi
858 3630 876 3664 .·
894 3607 1026 3665 leui.
1105 3614 1170 3663 15
1189 3607 1409 3665 lutiam.
1488 3616 1554 3665 18
1575 3611 1858 3667 decoctae.
1933 3615 2000 3666 22
2021 3608 2357 3670 infunderis.
