2575 4092
994 213 1436 279 ..13-

222 375 468 454 potione,
525 375 741 436 deinde
798 382 1039 455 postero
1095 376 1191 438 die
1238 375 1454 438 laveris
1506 375 1761 457 ciboque
1809 376 1980 439 firmo
2027 378 2236 459 utaris,

224 479 325 540 qua
366 481 431 524 re
480 472 543 525 et
588 463 998 526 observatione
1046 465 1290 546 efficies,
1340 484 1415 526 ne
1464 465 1605 544 quid
1652 467 1893 527 omnino
1939 468 2067 527 vitii
2104 484 2232 528 cor·

221 553 338 628 pori
389 560 493 614 tuo
551 553 781 615 accidat
836 562 897 614 et
949 562 1238 635 perpetua
1295 555 1547 616 sanitate
1604 556 1687 615 sls
1741 562 1926 618 tutus.
2020 554 2129 617 Est
2175 564 2235 617 et

218 642 365 718 potio
411 641 688 725 salubris,
737 661 889 723 quae
936 661 1110 704 omne
1158 644 1430 724 corporis
1476 644 1688 706 vitium
1734 643 1935 705 elimat
1972 654 2034 706 et
2079 643 2232 706 vale·

175 744 197 784 5
218 729 467 793 tudinem
495 733 828 793 confirmat.
883 731 1029 794 Eius
1056 734 1317 812 potionis
1345 733 1463 794 iam
1502 740 1702 794 tecum
1739 732 1923 795 habes
1960 736 2233 814 conposi-

217 819 449 901 tionem3
498 839 612 900 per
659 839 845 882 annos
893 823 1053 882 enim
1100 819 1448 903 conplures,
1505 823 1862 884 amicissime
1907 821 2235 904 Maecenas,

218 925 340 968 cum
393 908 649 971 Caesare
704 918 911 971 nostro
966 912 1193 990 pariter
1246 928 1358 972 nos
1421 912 1644 972 morari
1698 912 2050 993 meministi,
2116 929 2234 992 quo

217 1003 470 1077 tempore
535 999 687 1060 haec
750 999 1119 1061 observando
1192 1017 1519 1079 numquam
1582 1001 1645 1061 in
1709 999 1898 1061 ullum
1964 1003 2236 1080 corporis

167 1121 174 1127 ·
213 1083 552 1165 languorem
597 1087 887 1171 incidisti,
940 1107 1058 1168 quo
1103 1095 1375 1168 tempore
1421 1106 1534 1150 nec
1581 1096 1854 1151 nostrum
1899 1090 2233 1169 Augustum

152 1190 194 1229 10
217 1177 519 1256 quicquam
580 1176 941 1239 molestioris
995 1178 1359 1238 incommodi
1412 1195 1654 1258 passum
1709 1197 1842 1240 esse
1888 1179 2064 1240 nosti.
2149 1178 2234 1239 lta

215 1266 357 1326 enim
402 1285 501 1328 me
554 1273 753 1327 tecum
799 1264 1074 1348 habebis,
1131 1267 1185 1328 si
1236 1265 1504 1328 libellum
1558 1285 1759 1329 meum
1812 1267 2063 1347 legendo
2111 1285 2234 1328 sae·

212 1354 334 1430 pius
379 1358 683 1437 tractaris,
730 1358 833 1435 qui
879 1354 1115 1435 plenius
1161 1354 1271 1418 tibi
1317 1373 1412 1417 me
1460 1355 1705 1418 absente
1752 1363 2057 1436 praestare
2096 1374 2234 1417 con-

213 1440 398 1505 silium
452 1447 519 1506 in
580 1443 858 1505 omnibus
911 1446 1152 1523 poterit.
1241 1445 1490 1506 Terenti
1543 1444 1837 1527 Euelpisti
1899 1447 1965 1507 in
2027 1445 2236 1508 ultimo

213 1527 396 1594 libello
424 1533 594 1614 leges
630 1533 909 1613 dynames
947 1532 1288 1615 herbarum,
1318 1551 1466 1614 quas
1495 1541 1563 1594 ut
1590 1533 2002 1597 crescentibus
2030 1552 2235 1596 nume·

153 1636 191 1678 15
211 1621 287 1680 ris
330 1622 509 1684 lunae
559 1621 861 1704 observes,
907 1624 1047 1685 dum
1093 1621 1254 1683 tollis
1300 1630 1361 1683 et
1399 1625 1707 1703 conponis,
1746 1630 1972 1685 curato.
2049 1622 2112 1684 Si
2155 1624 2235 1683 ita

212 1704 320 1771 non
373 1713 601 1773 feceris
665 1719 727 1772 et
771 1711 842 1772 ad
890 1711 1361 1773 deminutionem
1416 1709 1592 1771 lunae
1649 1709 1992 1791 sustuleris,
2038 1712 2237 1792 minus

211 1798 500 1862 valebunt.
585 1799 789 1878 Ipsum
844 1803 1023 1863 etiam
1074 1818 1238 1861 mare
1283 1817 1395 1879 per
1440 1797 1642 1860 lunam
1688 1800 1895 1878 augeri
1941 1807 2002 1860 et
2047 1800 2238 1860 minui

212 1889 453 1972 scimuS,
504 1888 755 1950 cerebra
802 1891 977 1951 etiam
1025 1889 1333 1950 hominum
1381 1895 1678 1967 augentur
1722 1895 2032 1949 crescente
2079 1887 2236 1949 luna.

211 1974 351 2038 Cum
406 1986 611 2041 autem
667 1981 958 2040 minuitur
1021 1977 1187 2055 luna,
1243 1996 1363 2038 una
1408 1995 1681 2058 quaeque
1738 1995 1838 2038 res
1883 1976 2236 2039 deminutio·

146 2080 189 2121 20
212 2082 339 2127 nem
388 2069 592 2129 sentit.
658 2065 828 2138 Quod
876 2068 1015 2129 licet
1059 2085 1454 2146 recognoscas
1501 2084 1571 2128 ex
1612 2066 1725 2149 his,
1764 2065 1981 2146 quibus
2020 2067 2235 2129 cotidie

211 2158 423 2238 uteris,
489 2164 690 2217 tamen
757 2166 817 2218 et
878 2175 987 2237 per
1044 2174 1138 2217 me
1203 2156 1543 2217 admonitus
1607 2157 1762 2218 scies
1836 2155 2112 2218 omnibus
2177 2163 2238 2216 et

210 2244 395 2305 minui
442 2253 830 2324 augmentum
876 2254 937 2307 et
981 2246 1188 2324 augeri
1234 2263 1342 2325 per
1387 2244 1604 2306 lunam.
1684 2244 1854 2316 Quod
1902 2247 1956 2306 si
1999 2248 2080 2307 ita
2128 2253 2239 2325 est,

212 2331 271 2391 in
325 2332 532 2397 herbis
591 2352 831 2415 quoque
887 2334 1153 2414 legendis
1208 2333 1735 2414 conponendisque
1789 2333 2237 2395 medicamentis

215 2421 328 2482 vim
374 2425 506 2485 eius
554 2430 614 2484 et
659 2431 1014 2504 potestatem
1069 2441 1179 2484 nos
1225 2422 1543 2484 observare
1591 2421 1811 2484 debere
1857 2440 1933 2483 ne
1981 2421 2237 2484 dubites.

267 2630 600 2714 Epistula
646 2634 837 2697 Plini
884 2636 1188 2697 secundi
1233 2618 1315 2696 ad
1363 2636 1631 2696 amicos
1679 2634 1761 2720 de
1806 2635 2180 2696 medicina.

149 2789 195 2830 25
387 2777 762 2857 Frequenter
797 2778 945 2839 mihi
981 2780 1044 2839 in
1080 2776 1662 2859 peregrinationibus
1700 2777 1933 2858 accidit,
1967 2784 2035 2838 ut
2061 2795 2237 2857 prop-

219 2869 309 2924 ter
353 2883 543 2927 meam
598 2876 700 2929 aut
754 2882 1025 2929 meorum
1083 2867 1488 2928 infirmitatem
1536 2867 1728 2926 varias
1776 2865 2016 2927 fraudes
2055 2866 2237 2927 medi·

220 2969 422 3015 corum
468 2959 802 3038 experirer,
852 2954 1206 3036 quibusdam
1251 2955 1534 3016 vilissima
1580 2955 1844 3015 remedia
1894 2954 2239 3034 ingentibus

219 3045 423 3118 pretiis
479 3044 888 3126 vendentibuS,
944 3044 1075 3106 aliis
1122 3063 1191 3105 ea
1228 3062 1378 3123 quae
1426 3061 1639 3105 curare
1677 3042 2021 3106 nesciebant
2075 3046 2239 3125 cupi-

222 3127 414 3193 ditatis
470 3152 645 3194 causa
713 3133 1211 3214 suscipientibus3
1276 3133 1563 3213 quosdam
1618 3150 1759 3193 vero
1824 3136 2072 3214 conperi
2124 3133 2239 3195 hoc

154 3231 199 3273 8⁰
224 3234 435 3295 genere
481 3225 758 3306 grassari,
803 3231 872 3284 ut
915 3222 1280 3302 languentes,
1332 3224 1433 3301 qui
1470 3223 1844 3300 paucissimis
1891 3222 2103 3284 diebus
2148 3222 2241 3284 vel

223 3309 393 3370 etiam
446 3311 612 3373 horis
659 3319 913 3393 -possent
968 3313 1190 3392 sanari,
1235 3313 1300 3371 in
1345 3310 1587 3389 longum
1635 3318 1868 3392 tempus
1915 3312 2239 3393 traherent,

356 3450 392 3499 4
428 3446 812 3503 valetudinem
847 3434 1074 3518 scripsi:
1119 3443 1451 3502 valitudine.
1592 3449 1657 3499 13
1694 3445 1972 3515 Euelpisti
2013 3445 2240 3514 scripsi.-

224 3510 476 3585 Velpisti.
646 3524 711 3574 16
750 3517 1195 3574 deminutionem
1234 3522 1267 3571 1
1278 3534 1332 3572 m
1370 3514 1803 3571 diminutionem
1837 3518 1959 3582 2m,
1997 3516 2124 3571 item
2156 3521 2239 3571 19.

226 3587 287 3639 31
323 3590 574 3662 possent]
613 3593 771 3662 pofi‘s'.

2277 1190 2340 1239 11
