2575 4092
999 197 1307 292 ÷287
1406 234 1479 243 —

227 360 406 420 cinus
463 359 705 438 sanguis
760 367 1045 439 exceptus
1100 366 1160 419 et
1215 359 1557 440 coagulatus
1613 379 1681 421 ac
1738 378 1920 441 super
1969 359 2257 422 carbones

225 454 465 508 assatus
509 448 575 508 in
622 446 755 508 cibo
802 446 976 509 datus
1012 447 1366 509 mirabiliter
1402 447 1759 527 profluvium
1794 451 2022 510 ventris
2058 468 2257 510 emen-

226 537 347 597 dat.
411 534 652 596 Cervini
688 552 909 596 cornus
946 535 1018 597 de
1056 538 1203 615 ipsis
1239 536 1559 618 radicibus,
1598 556 1748 616 quae
1785 539 1963 617 capiti
1990 538 2258 620 haerent,
2292 550 2360 601 99

225 623 430 685 scobis
484 624 623 685 lima
677 626 1066 685 tenuissimus
1120 625 1315 686 factus
1370 633 1431 686 et
1476 626 1549 687 ad
1597 627 1870 705 dragmae
1918 644 2258 688 mensuram

170 735 197 776 5
227 731 369 774 cum
425 713 547 773 vini
601 714 828 773 austeri
882 713 1092 792 cyatho
1140 712 1314 774 datus
1360 716 1532 776 sistet
1578 716 1793 775 nimios
1841 717 2067 776 ventris
2113 713 2259 776 fluo-

224 820 346 881 reS,
396 802 449 861 si
492 800 587 861 vel
640 799 842 861 triduo
888 802 1111 880 iugiter
1154 801 1411 864 bibatur.
1492 802 1669 863 Panis
1716 805 1949 865 anticus
1987 821 2056 863 ex
2095 803 2245 864 lacte
2261 815 2363 865 100

223 908 495 969 capruno
551 890 835 950 decoctus
891 900 951 950 et
1004 908 1169 951 more
1225 890 1572 952 sorbitionis
1618 894 1844 952 ventris
1890 890 2054 952 fluxu
2100 891 2258 952 labo·

223 980 389 1039 ranti
433 977 527 1038 bis
572 978 645 1038 ad
685 978 843 1038 diem
881 979 1054 1039 datus
1091 980 1210 1040 cito
1250 981 1568 1041 succurrit.
1631 979 1817 1061 Aqua,
1862 982 1926 1039 in
1966 997 2080 1059 qua
2119 990 2359 1040 cor-101

224 1069 382 1128 tices
436 1064 605 1126 fabae
660 1066 735 1127 ad
788 1068 995 1128 tertias
1041 1066 1322 1129 decoctae
1368 1068 1617 1148 suerint,
1664 1071 1716 1128 si
1761 1066 2028 1149 bibatur,
2073 1066 2257 1146 pluri·

141 1178 197 1217 ιο
227 1173 398 1216 mum
435 1154 657 1234 cyliaco
694 1154 980 1233 proderit.
1038 1155 1203 1216 Folia
1239 1157 1339 1218 fici
1374 1157 1629 1218 arefacta
1667 1156 1810 1237 sole,
1857 1155 2072 1217 deinde
2110 1166 2361 1217 con-102

224 1242 408 1305 busta
462 1253 523 1303 et
575 1245 637 1306 in
686 1245 949 1304 cinerem
995 1244 1234 1305 redacta
1279 1254 1457 1324 atque
1503 1263 1576 1305 ex
1623 1248 1758 1306 vino
1804 1254 2042 1307 austero
2088 1247 2258 1325 potui

224 1332 366 1393 data
409 1333 637 1392 ventris
682 1330 908 1392 fluxum
955 1332 1278 1394 efficaciter
1324 1332 1550 1394 sedant.

408 1419 664 1481 Medulla
717 1421 960 1481 vaccina
1014 1439 1152 1481 cum
1207 1420 1395 1482 farina
1451 1423 1620 1482 tenui
1675 1420 1918 1482 subacta
1974 1430 2034 1482 et
2082 1420 2246 1482 velut
2261 1433 2359 1483 103

226 1516 515 1570 excoctus
542 1510 715 1587 panis
743 1507 966 1569 cibatui
994 1509 1126 1570 data
1153 1511 1304 1570 mire
1333 1509 1758 1589 dysintericum
1788 1518 1973 1590 sanat,
2002 1511 2256 1570 maxime

138 1618 196 1660 15
227 1600 284 1658 si
331 1606 394 1658 et
438 1615 648 1658 caseus
694 1595 956 1658 bubulus
1000 1615 1213 1658 recens
1260 1597 1668 1659 manducetur.
1741 1598 1993 1677 Adipem
2039 1609 2362 1678 captu-104

221 1704 375 1746 num
422 1686 494 1746 de
541 1684 788 1746 renibus
835 1684 1135 1747 sublatum
1179 1687 1367 1747 misce
1414 1705 1550 1748 cum
1596 1685 1870 1765 polentae
1922 1686 2256 1747 furfuribus

225 1781 408 1854 atque
466 1774 632 1834 adice
686 1773 809 1834 illic
863 1776 1161 1854 cyminum
1218 1782 1279 1835 et
1333 1774 1617 1836 anethum
1663 1783 1724 1836 et
1769 1783 2003 1835 acetum
2050 1776 2256 1854 aequis

223 1861 606 1942 portionibus
661 1868 839 1941 atque
897 1880 968 1922 ex
1026 1880 1176 1941 aqua
1233 1862 1501 1942 decoque
1558 1871 1618 1924 et
1672 1862 1930 1924 colatum
1985 1860 2256 1924 sorbitio-

227 1952 325 2012 nis
383 1969 551 2011 more
607 1950 967 2030 dysinterico
1024 1952 1160 2012 dato
1215 1951 1602 2033 sumendum,
1655 1953 1804 2011 mire
1860 1950 2255 2030 celeriterque

140 2061 198 2101 20
229 2038 568 2101 subvenies,

409 2126 528 2187 Lac
583 2126 848 2208 ovillum,
905 2128 1062 2207 quod
1118 2127 1509 2189 candentibus
1565 2127 1796 2206 glareae
1842 2126 2138 2207 lapidibus
2183 2129 2360 2188 in105

227 2220 429 2296 ipsum
495 2215 584 2276 lac
642 2216 931 2276 demersis
996 2224 1393 2296 excoquatur,
1458 2216 1820 2296 dysinterieo
1884 2218 2051 2296 potui
2116 2234 2255 2277 cum

228 2306 378 2384 ipsis
433 2303 728 2383 lapidibus
784 2303 985 2364 datum
1045 2306 1195 2364 mire
1240 2305 1511 2385 prodest,
1565 2307 1647 2365 ita
1694 2312 1919 2386 tamen,
1973 2311 2041 2365 ut
2086 2306 2253 2383 prius

229 2393 305 2453 de
350 2394 484 2471 ipso
532 2391 683 2452 lacte
730 2410 931 2453 serum
978 2410 1151 2452 omne
1197 2392 1455 2453 tollatur.
1548 2395 1557 2412 “

142 2501 199 2543 25
412 2480 588 2541 Iecur
642 2480 940 2541 hircinum
995 2483 1245 2540 missum
1300 2483 1363 2540 in
1424 2479 1598 2540 ollam
1660 2499 1870 2541 novam
1927 2499 2065 2542 cum
2122 2482 2357 2543 vini106

230 2570 457 2630 austeri
504 2568 710 2647 cotylis
758 2587 862 2629 sex
906 2568 980 2628 ad
1025 2570 1234 2629 tertias
1280 2569 1611 2648 decoctum,
1658 2569 1763 2629 sed
1800 2569 1942 2629 dum
1979 2571 2254 2648 excoqui·

228 2665 330 2718 tur
384 2665 816 2737 conpunctum,
871 2666 940 2717 ut
993 2675 1166 2717 umor
1225 2658 1356 2717 eius
1412 2675 1547 2717 cum
1606 2658 1742 2718 vino
1802 2659 2252 2737 permisceatur,

227 2753 436 2824 postea
484 2745 843 2824 dysinterico
890 2747 1060 2824 potui
1104 2745 1308 2806 datum
1355 2745 1678 2806 efficaciter
1720 2744 1982 2825 prodest.

408 2832 781 2913 Dysinterico
838 2841 899 2894 et
944 2835 1268 2894 torminoso
1317 2843 1376 2894 et
1432 2835 1513 2915 ei,
1569 2836 1673 2913 qui
1732 2836 1847 2894 iam
1895 2840 2244 2912 corruptum
2259 2847 2358 2896 10⁷

142 2942 200 2983 so
231 2923 582 3000 sanguinem
639 2924 854 3003 egerit,
909 2920 1368 2983 saluberrimum
1421 2922 1918 2983 medicamentum
1974 2930 2064 2983 est
2109 2921 2255 2983 tale:

228 3011 356 3071 Alei
406 3011 604 3089 spicae
649 3009 758 3070 1111
804 3020 864 3071 et
909 3029 1014 3071 ova
1063 3011 1180 3071 duo
1224 3011 1456 3071 incocta
1492 3012 1554 3070 in
1591 3028 1777 3071 unum
1814 3018 2092 3072 teruntur
2132 3011 2252 3072 his-

230 3117 347 3178 que
394 3097 636 3159 additur
679 3100 803 3158 vini
848 3100 1067 3159 veteris
1113 3099 1406 3158 sextarius
1461 3106 1523 3158 et
1577 3101 1855 3177 coquitur
1900 3100 1974 3160 ad
2021 3101 2254 3179 tertias;

227 3185 369 3247 inde
426 3188 695 3267 ieiunuS,
753 3205 929 3265 quam
983 3186 1306 3265 plurimum
1360 3195 1584 3266 potest,
1649 3189 1699 3247 si
1755 3186 2000 3269 biberit,
2059 3187 2252 3247 effica-

228 3276 469 3336 cissime
533 3277 690 3334 intra
754 3275 1020 3336 triduum
1094 3283 1351 3335 sanatur.
1455 3274 1801 3354 Spondogos
1866 3283 1958 3335 est
2028 3273 2243 3352 lanugo
2258 3288 2360 3338 108

411 3415 442 3463 1
482 3408 821 3464 coacolatuS.
975 3415 1012 3462 4
1049 3408 1246 3478 scopis.
1405 3412 1470 3462 14
1508 3406 1863 3478 dysintericO.
2030 3413 2096 3463 16
2127 3412 2255 3478 post

228 3479 536 3535 furfuribus
573 3481 700 3535 add.
737 3480 904 3534 facta.
1093 3485 1157 3533 18
1196 3478 1608 3535 sorbitionibus.
1789 3484 1856 3533 21
1893 3483 2016 3547 post
2050 3478 2255 3549 lapidi-

227 3552 333 3606 bus
373 3552 501 3607 add.
541 3549 603 3604 id
641 3551 743 3606 est.
889 3555 955 3605 26
995 3549 1169 3606 cotili.
1316 3555 1382 3604 27
1423 3550 1481 3606 et
1514 3549 1730 3605 humor.
