2575 4092
984 228 1464 294 —135—

197 394 250 452 si
295 409 478 472 aqua,
534 392 599 451 in
646 408 761 471 qua
808 398 974 453 cocta
1023 392 1273 473 fuerint,
1328 392 1732 472 gargarizatur
1782 401 1885 455 aut
1931 411 1997 455 os
2043 412 2117 454 ex
2163 412 2233 456 ea

196 480 515 542 colluatur.
592 479 750 541 Haec
796 482 992 541 omnia
1037 489 1294 559 prosunt
1338 482 1517 543 etiam
1563 482 1839 560 anginam
1873 482 2232 544 habentibus

199 578 261 631 et
295 577 498 631 cetera
533 569 676 630 vitia
711 570 775 629 in
812 587 917 630 ore
954 577 1087 632 nata
1124 570 1446 632 efficaciter
1474 578 1704 631 curant.
1763 570 1893 632 Non
1922 571 2230 633 desinente
2267 584 2337 635 39

199 658 464 719 faucium
519 666 754 719 tumore
808 666 1063 737 prosunt
1112 677 1234 720 non
1279 658 1474 721 solum
1522 658 1780 721 fomenta
1825 659 2086 721 molliter
2130 661 2229 723 ad-

113 762 142 805 5
197 747 389 808 hibita
446 745 717 808 faucibus
772 755 949 826 atque
1005 749 1244 808 arteriis
1295 767 1404 828 per
1450 746 1710 826 sfongias
1755 766 1943 828 aquae
1989 748 2230 829 calidae,

199 836 308 897 sed
355 837 534 896 etiam
581 834 998 914 cataplasmata
1041 835 1137 897 vel
1184 836 1445 898 fomenta
1481 836 1555 897 de
1594 835 1817 898 farinis.
1898 837 2105 917 Itaque
2141 839 2229 899 in-

196 926 344 1005 poni
382 923 683 1004 oportebit
718 923 909 985 isdem
944 924 1216 1004 partibus
1255 926 1503 986 farinam
1540 924 1933 986 hordeaceam
1972 944 2043 986 ex
2077 944 2230 1006 aqua

196 1031 352 1093 pura
389 1013 483 1073 vel
519 1012 707 1074 mulsa
746 1020 976 1074 coctam
1019 1014 1113 1075 vel
1163 1014 1272 1075 lini
1318 1014 1562 1075 seminis
1609 1014 1854 1075 farinam
1895 1013 1988 1075 vel
2035 1014 2230 1076 faeno·

199 1104 402 1181 graeci
439 1101 688 1162 farinam
725 1101 1001 1164 similiter
1037 1110 1281 1164 coctam.
1352 1102 1467 1164 Sed
1505 1103 1755 1164 mirifice
1792 1111 2048 1182 prosunt
2084 1103 2229 1183 pulli

115 1208 170 1249 ιο
196 1191 577 1252 hirundinini
619 1193 874 1270 pingues
920 1190 1077 1253 saliti
1112 1191 1203 1252 vel
1248 1200 1523 1253 recentes
1560 1194 1680 1252 assi
1715 1194 1779 1253 in
1815 1192 1951 1253 cibo
1988 1195 2229 1272 sumpti.

197 1280 484 1341 Protinus
526 1282 685 1340 enim
721 1297 958 1341 omnem
994 1281 1497 1360 praefocationem
1534 1290 1596 1342 et
1632 1288 1929 1342 tumorem
1966 1281 2229 1343 faucium

196 1368 433 1429 tollunt.
506 1367 724 1429 Verum
770 1371 824 1429 si
869 1387 1202 1448 suppurare
1250 1370 1454 1431 fauces
1501 1368 1883 1452 videbuntur,
1926 1370 2227 1450 oportebit

198 1456 824 1537 saepius'gargalizare
853 1475 1065 1536 aquam
1094 1476 1232 1519 cum
1260 1459 1392 1519 ficis
1420 1457 1602 1519 aridis
1630 1469 1860 1519 coctam
1886 1459 1980 1520 vel
2014 1477 2227 1539 aquam

197 1545 450 1607 mulsam
490 1564 626 1607 cum
664 1564 844 1625 supra
882 1548 1244 1625 scriptorum
1282 1547 1661 1608 admixtione.
1726 1546 1894 1617 Quod
1935 1549 1988 1608 si
2026 1555 2228 1609 tantus

113 1651 171 1693 ιε»
198 1636 384 1696 fuerit
437 1642 662 1715 tumor,
717 1643 787 1695 ut
841 1637 1016 1696 etiam
1073 1636 1406 1714 praefocari
1451 1645 1554 1696 aut
1607 1634 1964 1713 strangulari
2025 1635 2228 1696 fauces

197 1725 540 1803 videantur,
597 1722 791 1784 alvum
848 1722 1201 1785 subtrahere
1257 1724 1536 1803 clysterio
1593 1723 1894 1802 oportebit
1949 1733 2053 1785 aut
2098 1742 2228 1785 san-

196 1816 440 1892 guinem
495 1815 767 1874 emittere
825 1812 898 1875 de
957 1812 1201 1874 brachio
1249 1813 1343 1874 vel
1399 1812 1511 1874 sub
1556 1812 1758 1891 lingua
1805 1830 2011 1874 venam
2058 1831 2226 1893 prae·

197 1902 417 1963 cidere.
477 1901 809 1982 Thymbrae
848 1920 920 1962 ex
956 1920 1106 1981 aqua
1145 1910 1350 1964 coctae
1388 1901 1480 1962 vel
1515 1903 1670 1962 aceti
1707 1919 1888 1981 vapor
1913 1918 2024 1980 per
2051 1919 2225 1962 arun·
2265 1911 2336 1961 40

197 1991 398 2051 dinem
454 2008 560 2051 ore
615 1999 896 2070 receptus
949 1990 1198 2070 prodest
1254 1990 1326 2051 ad
1375 1998 1642 2051 tumores
1689 1992 1811 2050 oris
1859 1999 1920 2052 et
1965 1992 2226 2069 gutturis

111 2095 164 2137 so
197 2087 259 2141 et
305 2080 583 2141 faucium.
649 2074 974 2158 Origanum
1019 2080 1229 2141 tritum
1276 2098 1414 2141 cum
1451 2078 1625 2141 melle
1661 2080 1987 2160 inpositum
2025 2078 2225 2141 ulcera
2263 2088 2334 2137 41

197 2170 323 2229 oris
357 2176 584 2247 ‚purgat
627 2187 739 2229 nec
786 2169 1012 2248 patitur
1058 2187 1126 2229 ea
1172 2169 1408 2248 longius
1464 2186 1734 2249 serpere3
1799 2175 2038 2230 coctum
2087 2186 2228 2229 vero

196 2277 337 2318 cum
395 2275 546 2336 aqua
602 2266 663 2318 et
718 2257 881 2318 arida
928 2257 1046 2318 ficu
1093 2265 1270 2336 atque
1319 2257 1564 2318 adsidue
1611 2256 2031 2336 gargalizatum
2086 2257 2226 2318 facit

196 2354 258 2407 ct
307 2345 379 2407 ad
426 2345 538 2406 alia
584 2347 742 2426 vitia,
788 2345 848 2406 id
897 2355 989 2408 est
1035 2346 1106 2406 ad
1154 2348 1430 2425 anginam
1477 2355 1538 2408 et
1581 2345 1842 2425 linguam
1889 2346 2226 2426 sideratam,

197 2435 359 2514 quod
406 2452 595 2513 genus
641 2433 836 2495 morbi
881 2435 1093 2496 Graeci
1137 2435 1434 2514 paralysin
1480 2443 1710 2496 vocant.
1786 2434 2226 2496 Sorbitionibus
2262 2442 2333 2491 42

112 2538 167 2580 25
195 2526 290 2584 uti
335 2523 635 2603 oportebit
680 2541 810 2605 eos,
858 2525 963 2603 qui
1009 2523 1082 2583 de
1128 2541 1242 2585 uva
1288 2532 1351 2584 et
1396 2522 1666 2584 faucibus
1713 2522 2008 2604 laborant,
2054 2524 2227 2583 factis

198 2631 270 2673 ex
318 2612 540 2693 amulo,
596 2614 813 2691 tisana,
871 2630 1071 2691 oryza,
1128 2611 1303 2693 alica,
1355 2612 1542 2672 farina
1589 2614 1848 2693 triticea,
1900 2610 2032 2672 faba
2079 2611 2227 2693 alba,

197 2703 391 2762 urtica
446 2709 651 2762 tenera
708 2719 845 2762 cum
900 2700 1051 2761 lacte
1106 2700 1377 2779 decocta;
1435 2700 1648 2761 deinde
1705 2718 1841 2762 cum
1898 2719 1970 2761 ex
2030 2699 2228 2781 aliqua

194 2799 367 2869 parte
412 2790 659 2850 relevati
705 2789 947 2872 fuerint,
992 2796 1121 2849 tum
1168 2791 1259 2850 uti
1305 2791 1432 2850 ovis
1478 2788 1800 2851 sorbilibus
1847 2789 2082 2851 debent.

376 2877 463 2939 Ad
520 2897 664 2939 uvas
720 2877 966 2940 callosas
1024 2886 1085 2938 et
1137 2879 1387 2939 nimium
1434 2886 1736 2939 tumentes
1783 2878 2033 2938 mirifica
2078 2877 2224 2939 haec
2262 2887 2335 2936 43

115 2982 165 3022 ac
198 2969 550 3047 compositio
605 2973 723 3049 est,
779 2967 921 3028 facit
976 2975 1036 3028 et
1090 2966 1159 3026 ad
1218 2975 1418 3027 cetera
1473 2967 1732 3028 faucium
1790 2974 1849 3027 et
1896 2968 2019 3027 oris
2066 2968 2224 3049 vitia,

197 3064 290 3117 est
336 3062 534 3117 autem
579 3055 758 3117 haec:
831 3057 1001 3117 Aeris
1048 3054 1214 3116 floris
1260 3054 1313 3115 X
1350 3054 1429 3137 11,
1476 3055 1809 3117 chalcitidis
1854 3054 1907 3115 X
1945 3054 2025 3138 11,
2072 3058 2226 3136 picis

195 3144 456 3224 liquidae
512 3144 806 3225 cyathum.
898 3144 1190 3223 Coquitur
1244 3147 1371 3222 pix,
1430 3143 1619 3206 donec
1679 3147 1910 3206 amittat
1962 3145 2226 3227 odorem,

196 3233 413 3295 deinde
460 3234 800 3294 adiciuntur
846 3236 902 3294 ei
949 3233 1139 3293 mellis
1185 3227 1380 3312 cyathi
1426 3251 1530 3293 sex
1576 3242 1755 3314 atque
1802 3236 2023 3295 iterum
2064 3242 2223 3295 utra-

197 3341 314 3406 que
379 3324 561 3383 mixta
626 3321 1061 3404 infervescunt3
1127 3329 1264 3401 post
1328 3321 1442 3381 hoc
1503 3322 1758 3384 adicitur
1811 3324 1937 3383 vini
1990 3323 2227 3383 Aminei

342 3464 372 3512 7
413 3458 758 3514 ordeaceam.
924 3462 957 3512 8
993 3457 1250 3513 mulsam.
1419 3462 1488 3511 10
1524 3456 1856 3512 erundinini.
2030 3455 2221 3512 salliti.

195 3536 266 3654 {g
302 3528 542 3668 {zabina
577 3527 693 3585 alia.
727 3545 828 3585 om.
956 3534 1027 3584 24
1063 3528 1350 3598 paralisin.
1479 3534 1548 3583 26
1587 3530 1750 3584 oriza..
1888 3533 1956 3581 32
1995 3526 2225 3585 ciatum.
