2575 4092
1022 227 1460 291 ..71-

213 386 507 468 perducit
553 388 879 449 suffusione
926 389 1163 450 siccata.
1254 388 1754 469 Xerocollyria
1815 397 1886 451 et
1941 389 2257 452 remedia

215 477 520 557 physica
577 476 865 538 diversa
920 476 1003 538 ad
1059 477 1709 557 xerophthalmiam
1755 487 1826 539 et
1871 478 2256 558 caliginem

221 576 291 627 et
328 565 865 644 aspritudinem
901 565 1426 646 detergendam.
1507 567 1593 628 Ad
1634 567 1945 647 caliginem
1983 576 2045 630 et
2072 571 2257 647 aspri·
2294 580 2363 631 69

219 656 493 718 tudinem
540 653 849 716 oculorum
898 656 1237 735 siccamque
1284 655 1797 736 perturbationem
1835 659 1965 718 sine
2006 665 2256 739 tumore,

165 769 192 810 5
220 762 400 823 quam
439 742 969 823 xerophthalmiam
998 743 1209 805 Graeci
1246 743 1560 826 appellant,
1598 744 1741 807 facit
1777 747 1890 807 boc
1929 746 2256 826 collyrium,

219 831 381 912 quod
439 835 717 910 psoricon
764 832 1012 914 dicitur,
1069 834 1285 912 accipit
1332 842 1529 895 autem
1576 833 1750 896 haec:
1805 833 1979 897 Croci
2025 833 2077 896 X
2130 833 2257 916 ΧΠ,

218 923 446 1002 psorici
493 920 545 981 X
591 920 775 1001 xlm,
832 921 1101 1000 psimithi
1147 921 1198 983 X
1244 921 1379 1002 1111,
1437 924 1559 1002 opii
1613 922 1799 1004 idem,
1854 925 2079 1003 piperis
2139 923 2259 985 albi

217 1011 398 1091 idem,
437 1012 693 1089 gummis
732 1009 783 1070 X
819 1009 889 1071 11.
950 1010 1099 1072 Cum
1137 1029 1287 1091 aqua
1326 1009 1569 1091 pluviali
1605 1018 1885 1074 teruntur
1920 1011 2092 1093 haec3
2140 1011 2255 1074 col·

217 1098 367 1179 lyria
423 1100 626 1159 statim
679 1098 818 1160 inde
874 1100 1210 1180 finguntur,
1266 1118 1342 1161 ne
1398 1100 1693 1162 confectio
1740 1100 1917 1161 dilata
1965 1109 2257 1163 vanescat.

23 1275 26 1286 f
139 1213 191 1253 ιο
219 1186 545 1267 Collyrium
592 1187 662 1248 ad
711 1187 1023 1267 caliginem
1070 1199 1130 1250 et
1176 1188 1625 1269 aspritudinem,
1672 1189 1831 1268 quod
1879 1192 2253 1252 stratioticon
2293 1202 2361 1253 70

218 1276 469 1357 dicitur,
525 1278 739 1355 recipit
791 1276 965 1340 haec:
1049 1277 1325 1339 Psimithi
1379 1277 1430 1339 X
1488 1276 1585 1360 VI,
1650 1279 1876 1358 piperis
1931 1278 2048 1340 albi
2104 1278 2155 1340 X
2212 1278 2255 1359 1,

218 1365 495 1445 omphaci
543 1364 594 1425 X
638 1365 719 1447 11,
766 1366 1028 1428 cadmiae
1075 1366 1127 1428 X
1167 1365 1273 1447 111,
1322 1366 1686 1445 opobalsami
1732 1367 1782 1428 X
1830 1367 1908 1450 11,
1956 1370 2077 1449 opii
2123 1366 2175 1428 X
2212 1367 2256 1448 I,

218 1456 479 1532 gummis
527 1453 579 1514 X
624 1454 694 1515 ΙΙ.
787 1454 875 1515 Ex
934 1473 1086 1535 aqua
1142 1454 1385 1535 pluviali
1439 1456 1552 1517 hoc
1608 1457 1827 1518 teritur
1881 1463 2060 1536 atque
2118 1474 2257 1518 con·

218 1544 441 1622 ficitur,
481 1544 637 1622 quod
677 1543 890 1605 melius
927 1546 1237 1624 superiore
1275 1543 1349 1605 ad
1387 1543 1669 1623 caligines
1702 1544 1858 1605 facit.
1915 1545 2256 1625 Collyrium,
2296 1556 2362 1605 ⁷1

141 1659 192 1699 ιο
220 1632 382 1712 quod
443 1639 676 1693 stacton
732 1640 942 1694 vocant
997 1632 1239 1714 Graeci,
1295 1632 1367 1694 ad
1414 1632 1621 1693 eadem
1669 1633 1823 1713 fere,
1879 1651 2030 1712 quae
2078 1650 2260 1711 supra

221 1723 449 1800 scripta
496 1730 662 1802 sunt,
710 1721 882 1802 utile,
929 1721 1033 1783 sed
1080 1724 1269 1801 magis
1316 1719 1669 1782 mulieribus
1716 1722 1988 1802 prodest,
2044 1722 2262 1800 accipit

219 1810 396 1872 haec:
444 1808 719 1870 Cadmiae
768 1809 820 1871 X
863 1808 943 1894 11,
991 1810 1154 1872 stibii
1199 1810 1251 1871 X
1300 1809 1392 1891 Vl,
1437 1811 1662 1890 piperis
1709 1809 1829 1871 albi
1875 1809 1927 1871 X
1971 1809 2043 1892 11,
2089 1827 2259 1871 aeru-

220 1900 378 1978 ginis
416 1917 584 1959 rasae
631 1907 692 1960 et
729 1900 923 1980 misui,
964 1899 1151 1961 donec
1198 1900 1521 1980 puniceum
1568 1899 1687 1979 fiat,
1733 1900 1853 1960 usti
1898 1898 1947 1960 X
1997 1897 2261 1977 singulos

221 1990 429 2067 semiS,
495 1989 653 2049 aeris
709 1987 872 2049 floris
939 1987 990 2048 X
1037 1987 1063 2047 1
1111 1988 1178 2070 S,
1244 1990 1502 2067 gummis
1559 1987 1609 2048 X
1666 1986 1803 2069 v113
1870 1987 2108 2067 quidam
2166 1988 2260 2049 his

140 2102 194 2143 so
221 2077 450 2138 addunt
496 2076 860 2156 opobalsami
894 2075 947 2136 X
985 2076 1064 2158 H3
1111 2078 1251 2139 trita
1293 2076 1437 2137 haec
1475 2076 1792 2156 diligenter
1826 2075 2070 2157 pluviali
2107 2095 2260 2157 aqua

219 2174 625 2246 asperguntur
671 2173 730 2226 et
775 2168 838 2226 in
884 2163 1126 2245 collyria
1173 2165 1552 2244 colliguntur.
1627 2165 1948 2246 Collyrium
1999 2184 2135 2228 acre
2183 2165 2255 2227 ad
2296 2176 2364 2226 72

220 2253 627 2316 extenuandas
657 2256 966 2316 cicatrices
996 2256 1262 2333 quamvis
1292 2264 1525 2316 veteres
1554 2254 1955 2335 caliginesque
1985 2264 2047 2317 et
2071 2257 2259 2336 aspri·

218 2343 464 2406 tudines
511 2342 880 2425 angulorum,
931 2343 1088 2423 quod
1138 2342 1322 2404 semel
1367 2344 1681 2405 inunctum
1727 2343 2001 2424 plurimis
2047 2343 2259 2405 diebus

220 2433 502 2494 effectum
547 2439 836 2511 praestat,
885 2438 1123 2511 oportet
1169 2442 1368 2493 autem
1417 2451 1486 2493 eo
1535 2439 1750 2511 aquato
1787 2433 1903 2515 uti,
1948 2432 2053 2494 diu
2100 2436 2259 2493 enim

139 2543 191 2585 85
219 2530 387 2583 tenet
444 2539 736 2601 morsum,
792 2522 1007 2600 accipit
1053 2520 1226 2583 haec:
1292 2520 1661 2581 Ammoniaci
1706 2528 1935 2601 guttae,
1981 2539 2132 2601 quae
2182 2525 2260 2582 sit

221 2613 350 2671 sine
391 2609 588 2691 sorde,
625 2609 688 2670 P.
718 2610 759 2691 1,
798 2610 1097 2688 aeruginis
1135 2609 1201 2671 P.
1232 2608 1292 2689 S,
1331 2611 1588 2688 gummis
1617 2608 1677 2670 P.
1709 2609 1750 2670 Ι.
1815 2609 2082 2670 Primum
2122 2628 2257 2672 cum

219 2718 370 2780 aqua
420 2697 662 2778 pluviali
710 2700 925 2760 teritur
972 2715 1210 2779 aerugo,
1256 2705 1463 2777 postea
1512 2705 1708 2759 cetera
1754 2698 2097 2760 adiciuntur
2141 2717 2257 2760 ma·

219 2797 419 2850 cerata
467 2805 617 2867 aqua
666 2787 907 2867 pluviali
953 2795 1014 2848 et
1060 2799 1186 2848 tum
1232 2786 1475 2866 collyria
1522 2786 1845 2865 finguntur.
1920 2785 2025 2847 Fel
2071 2794 2256 2848 testu·
2298 2798 2365 2849 73

219 2877 377 2939 dinis
436 2895 575 2938 cum
632 2875 805 2937 melle
862 2878 1086 2955 optimo
1141 2876 1395 2936 mixtum
1451 2882 1510 2936 et
1558 2875 1660 2936 diu
1706 2877 2062 2953 coagitatum
2110 2878 2260 2937 mire

141 2988 193 3029 so
221 2966 539 3046 caliginem
595 2965 774 3046 tollit,
832 2966 883 3025 si
938 2963 1097 3026 oculi
1142 2964 1281 3025 inde
1329 2963 1573 3026 adsidue
1620 2963 2113 3026 circumlinantur
2159 2973 2262 3028 aut

219 3055 527 3117 subtiliter
574 3053 1007 3116 suffundantur.
1093 3051 1589 3132 Calliblepharum
1636 3051 2091 3133 xerocollyrium
2141 3056 2260 3134 pri·
2299 3065 2369 3115 ⁷4

221 3163 388 3206 mum
437 3145 654 3222 accipit
697 3143 871 3203 haec·
937 3142 1049 3203 Aes
1098 3149 1329 3221 ustum,
1377 3140 1648 3224 stibium,
1696 3141 2008 3224 cadmiam,
2055 3146 2261 3224 aequis

371 3323 398 3371 1
443 3314 527 3370 ··X
565 3313 970 3396 yrocolloryris
1003 3314 1147 3382 (sic).
1240 3317 1272 3366 2
1303 3312 1590 3389 phoesica.
1695 3311 2126 3383 xeroptalmiam
2156 3315 2260 3380 (sic

220 3390 487 3458 saepius).
656 3391 688 3441 6
726 3383 942 3456 origon.
1127 3389 1155 3438 7
1194 3400 1366 3453 peon.
1544 3382 1759 3464 psimbt
1761 3383 1836 3439 hi.
2014 3383 2258 3465 peperis.

226 3465 288 3513 11
347 3457 584 3527 recepit
767 3462 834 3512 18
888 3471 1051 3511 rasae
1106 3470 1206 3510 om
1448 3469 1744 3508 u.mlcenm
1933 3453 2072 3524 usu]
2129 3468 2262 3511 rasi.

222 3535 290 3585 21
328 3529 605 3611 collyriis
758 3532 828 3581 30
865 3528 964 3582 aut
1000 3525 1284 3583 subtiliter
1322 3541 1389 3579 su
1510 3525 1713 3579 dantur
1748 3539 1850 3579 om.
2012 3529 2078 3578 31
2116 3522 2263 3582 xirc-

222 3599 524 3657 collirium.
