2575 4092
1115 190 1552 254 -52-

325 355 496 415 dicus
553 355 785 415 adicere
844 353 1054 414 solitus
1110 361 1239 414 erat
1295 356 1473 414 etiam
1529 353 1952 432 mandragorae
2011 356 2141 416 suci
2200 388 2276 397 —
2326 354 2351 414 I

325 452 386 504 et
439 442 673 504 lentisci
730 445 861 504 suci
910 477 988 485 —-
1039 442 1065 502 I
1134 461 1202 503 ac
1258 442 1471 503 deinde
1536 444 1846 521 permixtis
1914 442 2191 505 omnibus
2237 445 2353 504 for·

324 551 487 593 mare
535 531 774 612 collyria
823 531 912 591 vel
956 531 1223 611 pastillos
1270 539 1374 592 aut
1419 534 1482 592 in
1529 550 1629 592 vas
1677 540 1988 610 stagneum
2025 533 2353 593 recondere

326 631 385 683 et
422 640 557 682 cum
596 640 747 701 opus
786 628 946 682 esset
983 624 1074 681 uti
1110 621 1180 681 ad
1219 622 1668 700 inunguendum
1704 621 1796 681 vel
1824 621 2354 700 superliniendum.

252 728 284 776 9
323 710 431 771 Est
467 710 811 771 huiusmodi
846 708 1364 791 medicamentum,
1410 708 1567 788 quod
1614 709 2104 787 perichristarion
2141 719 2353 771 vocant
2381 726 2407 768 5

324 800 560 878 Graeci,
608 800 764 878 quod
812 799 1312 859 medicamentum
1360 801 1503 859 satis
1551 798 1758 859 efficax
1806 806 1925 878 est,
1973 817 2090 878 quo
2137 801 2217 859 ita
2264 802 2354 861 uti

324 898 577 968 oportet,
616 896 683 948 ut
720 887 1036 967 palpebrae
1076 888 1377 967 suptiliter
1413 887 1552 948 inde
1593 887 2055 969 superlinantur,
2095 907 2169 949 ne
2209 889 2351 967 quid

322 979 478 1038 intra
515 977 755 1039 oculum
792 976 953 1037 fluat.
1027 977 1262 1055 Recipit
1301 984 1496 1038 autem
1531 976 1703 1036 haec:
1749 975 1922 1037 Croci
1962 975 2147 1037 Siculi
2174 975 2225 1036 X
2254 976 2355 1058 III,

320 1083 586 1144 magmae
634 1068 796 1127 croci
841 1064 893 1125 X
941 1064 1074 1141 XII,
1123 1068 1275 1126 turis
1322 1064 1373 1125 X
1412 1065 1518 1145 111,
1565 1065 1843 1125 aluminis
1890 1064 2134 1126 rotundi
2170 1064 2222 1125 X
2260 1065 2352 1145 vl,

322 1157 420 1234 opi
466 1154 518 1215 X
563 1154 645 1237 11,
691 1173 923 1234 myrrae
969 1153 1022 1214 X
1068 1154 1146 1233 II,
1199 1156 1452 1215 cummis
1498 1152 1549 1213 X
1591 1153 1690 1213 III.
1780 1153 1869 1214 Ex
1916 1157 2051 1215 vino
2101 1153 2351 1215 Falerno
2382 1171 2436 1210 ιο

320 1252 600 1304 teruntur
664 1243 809 1304 haec
875 1243 967 1304 vel
1022 1251 1424 1322 asperguntur
1479 1251 1538 1303 et
1594 1261 1733 1304 cum
1788 1243 1940 1303 hene
1995 1243 2143 1304 levia
2198 1244 2354 1304 facta

321 1342 479 1413 sunt,
516 1332 588 1393 ad
628 1332 1083 1392 crassitudinem
1114 1331 1257 1393 boni
1294 1330 1486 1392 mellis
1517 1334 1868 1413 spissantur,
1908 1332 2164 1394 adicitur
2190 1341 2349 1411 post·

321 1440 388 1481 ea
451 1423 612 1501 passi
678 1417 902 1481 Cretici
964 1420 1016 1480 X
1080 1420 1105 1480 1
1179 1428 1240 1481 et
1305 1423 1614 1500 reponitur
1678 1423 1742 1481 in
1808 1422 2017 1501 pyxide
2090 1430 2351 1500 stagnea.

321 1510 469 1571 Cum
525 1512 684 1571 enim
741 1528 983 1589 passum
1038 1511 1335 1571 adiectum
1393 1510 1599 1590 fuerit,
1655 1508 1964 1590 collyrium
2013 1511 2156 1591 erit;
2211 1529 2348 1570 nam

216 1616 280 1665 10
319 1618 390 1660 ex
445 1602 576 1678 ipso
634 1598 925 1678 superlini
980 1599 1173 1662 debet.
1264 1598 1426 1659 Bene
1483 1598 1624 1659 facit
1676 1599 1788 1659 hoc
1848 1598 2347 1661 medicamentum
2377 1615 2436 1655 1⁵

319 1688 390 1748 ad
439 1688 893 1768 superlinendos
936 1689 1157 1769 ocuIOS,
1208 1707 1326 1767 quo
1364 1687 1667 1766 Augustus
1706 1706 1854 1748 usus
1894 1696 2011 1749 est:
2057 1687 2351 1749 Aluminis

319 1778 444 1838 fissi
480 1776 532 1838 X
571 1776 690 1857 XL,
738 1780 890 1838 turis
927 1777 980 1838 X
1017 1777 1086 1858 X,
1133 1778 1292 1837 aloes
1330 1775 1381 1836 X
1421 1775 1539 1857 XV,
1587 1778 1749 1837 croci
1787 1775 1838 1836 X
1875 1775 1996 1856 XV,
2042 1779 2141 1856 opi
2177 1776 2230 1837 X
2277 1776 2348 1856 II,

317 1865 501 1945 gallae
542 1866 592 1926 X
632 1865 702 1946 X,
750 1884 919 1926 rosae
960 1866 1234 1927 foliorum
1273 1866 1576 1925 aridorum
1615 1864 1668 1925 X
1704 1864 1774 1946 X,
1820 1866 2177 1945 plantaginis
2216 1869 2350 1927 suci

318 1954 410 2015 vel
465 1957 709 2016 seminis
766 1954 816 2014 X
863 1953 932 2014 X.
1026 1953 1111 2014 Ex
1176 1956 1313 2014 vino
1379 1952 1632 2014 Falerno
1697 1961 1977 2015 teruntur
2042 1955 2187 2015 haec
2254 1954 2350 2015 vel

317 2052 717 2122 asperguntur
772 2054 830 2103 et
887 2061 1021 2103 cum
1072 2043 1220 2102 levia
1267 2043 1418 2103 facta
1468 2052 1607 2104 sunt
1652 2062 1719 2104 ac
1771 2042 1962 2104 mellis
2011 2044 2345 2123 spissitudi-
2374 2060 2433 2099 20

316 2150 450 2192 nem
499 2131 736 2212 habent,
783 2132 1037 2191 adicitur
1080 2131 1177 2192 his
1222 2134 1384 2210 passi
1431 2134 1724 2192 sextarius
1762 2132 1854 2192 vel
1893 2132 2047 2211 quod
2089 2132 2350 2193 sufficiat

213 2235 276 2283 11
317 2230 377 2281 et
446 2221 758 2299 reponitur
822 2222 883 2279 in
950 2239 1084 2280 vaso
1151 2227 1396 2298 stagneo
1460 2220 1552 2281 vel
1617 2230 1916 2300 argenteo.
2023 2220 2348 2301 Collyrium

316 2311 552 2388 nigrum
608 2309 680 2369 ab
738 2308 1031 2387 Antigono
1089 2317 1393 2387 repertum
1461 2309 1532 2369 ad
1590 2312 1783 2370 omnia
1842 2312 2063 2371 intacta
2118 2309 2344 2370 faciens

315 2400 556 2477 accipit:
630 2397 904 2459 Cadmiae
959 2397 1010 2458 X
1067 2396 1278 2458 XXXV
1337 2398 1403 2478 S,
1465 2397 1637 2458 stibis
1700 2399 1750 2459 X
1807 2397 2053 2478 XXIIII,
2116 2401 2345 2477 piperis

313 2486 364 2547 X
404 2486 558 2569 VIII,
606 2488 905 2565 aeruginis
953 2505 1119 2548 rasae
1166 2486 1217 2547 X
1252 2486 1407 2567 VIII,
1456 2488 1708 2548 cummis
1746 2486 1797 2547 X
1835 2486 2078 2569 XXIIII,
2124 2490 2345 2548 teritur
2373 2503 2438 2544 2⁵

314 2595 386 2636 ex
434 2594 585 2655 aqua
630 2575 943 2654 pluviatica
990 2585 1166 2656 atque
1215 2576 1546 2637 conficitur.
1640 2575 1889 2637 Cosmus
1940 2576 2157 2637 adiecit
2202 2576 2347 2638 huic

313 2663 556 2744 collyrio
613 2673 964 2725 centaureae
1021 2667 1219 2725 tenuis
1277 2668 1405 2725 suci
1451 2664 1503 2725 X
1550 2663 1628 2746 X,
1686 2665 1846 2744 quod
1902 2673 2065 2725 recte
2121 2665 2349 2726 factum

210 2767 274 2815 12
314 2772 468 2814 reor.
560 2753 898 2835 Collyrium,
945 2754 1103 2833 quod
1151 2754 1221 2814 ad
1270 2772 1506 2814 omnem
1554 2753 1896 2833 epiphoram
1946 2764 2005 2813 et
2052 2756 2347 2833 inquieta·

312 2845 534 2904 tionem
590 2850 651 2903 et
706 2850 1001 2904 tumorem
1059 2843 1198 2903 facit
1254 2843 1580 2903 sedandum
1637 2844 1764 2902 sine
1821 2842 2046 2920 dolore,
2124 2845 2347 2922 accipit

312 2932 484 2993 haec:
543 2930 959 3012 Pompholygis
1005 2931 1056 2991 X
1105 2930 1260 3013 VIII,
1309 2934 1536 2992 cicutae
1585 2933 1715 2992 suci
1761 2932 1927 3010 aridi,
1974 2932 2035 2991 id
2083 2939 2178 2992 est
2222 2934 2339 2993 sic·
2367 2947 2433 2989 so

312 3023 443 3098 cati,
490 3019 542 3080 X
587 3020 687 3100 VI,
735 3022 835 3099 opi
882 3020 934 3080 X
980 3020 1111 3102 1111,
1160 3021 1584 3099 mandragorae
1632 3021 1762 3080 suci
1807 3019 1960 3081 aridi
2006 3019 2058 3081 X
2096 3019 2162 3099 V,
2209 3039 2339 3081 aca-

311 3111 435 3170 ciae
474 3108 526 3168 X
565 3109 664 3187 VI,
717 3111 967 3170 cummis
1006 3108 1058 3169 X
1095 3108 1157 3187 V,
1203 3111 1422 3170 teritur
1469 3128 1541 3168 ex
1589 3109 1887 3169 coriandri
1934 3112 2131 3170 teneri
2175 3128 2342 3171 suco.

310 3197 435 3258 Hoc
493 3197 801 3277 collyrium
857 3198 1100 3277 prodest
1147 3202 1323 3259 etiam
1372 3206 1536 3258 extra
1585 3197 1788 3258 oculos
1834 3206 2219 3279 perunctum,
2280 3200 2343 3260 id

206 3300 269 3348 13
311 3296 402 3348 est
449 3286 867 3348 circumlitum.
932 3287 1252 3367 Collyrium
1283 3287 1354 3347 ab
1384 3285 1727 3366 Asclepiade
1759 3286 1831 3347 ad
1861 3287 2178 3366 epiphoras
2209 3307 2342 3368 spe-

410 3473 413 3476 *
451 3500 483 3548 3
522 3492 809 3564 pastellos.
904 3499 935 3548 6
973 3492 1107 3564 quo]
1147 3494 1313 3561 quod.
1419 3496 1452 3546 8
1480 3492 1709 3561 recepit.
1813 3492 1999 3548 Sicoli.
2117 3500 2185 3549 2⁷
2215 3510 2342 3550 cen·

307 3566 574 3621 tauricae.
720 3571 787 3619 29
827 3564 944 3619 sine
983 3563 1234 3618 dolorem
1269 3565 1410 3634 (sic).
