2575 4092
982 273 1054 284 —
1155 238 1459 303 243—

208 399 322 459 hoc
378 399 748 460 medicamen
804 399 1119 462 adhibetur
1173 408 1420 479 propter
1467 399 1797 462 molestiam
1844 400 2106 481 sudoriS‚
2161 420 2237 462 ne

209 490 540 566 umigatum
596 489 890 549 infirmius
945 490 1073 570 fiat3
1127 491 1258 568 ipso
1317 496 1512 549 tamen
1562 488 1685 570 die,
1732 507 1851 570 quo
1898 490 2234 551 confectum

208 575 410 657 fuerit,
458 578 655 637 statim
704 576 880 638 debet
926 579 1161 657 adponi,
1209 595 1326 655 quo
1374 577 1680 638 efficacius
1723 579 1918 657 profit.

387 664 475 725 Ad
523 664 789 743 splenem
835 665 1163 727 remedium
1213 667 1452 727 efficax:
1497 665 1605 726 Die
1651 666 1804 727 Iovis
1850 667 2050 728 liduna
2094 669 2232 728 sini·
2272 678 2338 730 ‘18

152 769 178 811 5
208 763 402 814 strum
439 753 652 832 pedem
691 754 918 816 nudum
954 757 1017 816 in
1055 755 1349 834 caprofico
1379 764 1580 835 ponet,
1617 757 1721 834 qui
1749 755 1984 816 dolores
2012 755 2234 834 splenis

206 844 487 923 patietur,
534 853 594 903 et
640 845 943 923 corticem,
995 852 1281 922 quantum
1330 860 1436 922 pes
1483 844 1614 904 eius
1659 846 1967 924 presserit,
2011 843 2234 905 incidet

208 948 459 1009 eamque
516 930 712 991 tribus
768 932 933 992 horis
988 931 1062 992 de
1118 932 1300 992 fascia
1355 931 1428 992 ad
1486 931 1752 1011 splenem
1798 934 2050 1012 positam
2096 951 2234 995 con-

208 1020 481 1100 stringet,
528 1018 819 1080 sublatam
866 1019 1004 1082 inde
1051 1021 1304 1081 fumario
1353 1020 1679 1099 suspendet
1720 1039 1914 1100 neque
1952 1039 2234 1101 umquam

207 1114 312 1168 aut
358 1110 486 1186 ipse
533 1108 861 1169 removebit
907 1118 1008 1169 aut
1051 1111 1361 1188 permittet
1406 1108 1479 1169 ab
1526 1108 1724 1190 aliquo
1772 1110 1913 1172 tolli.

125 1213 179 1253 ιο
386 1197 474 1258 Ad
531 1195 796 1276 splenem
852 1197 1182 1258 remedium
1234 1197 1499 1259 subitum
1545 1207 1722 1279 atque
1771 1198 2019 1260 subtile:
2084 1197 2232 1260 Tres
2271 1209 2338 1260 79

202 1286 432 1345 caricas
486 1288 545 1346 in
601 1296 769 1346 aceto
818 1288 1040 1364 optimo
1087 1304 1333 1365 vespere
1379 1286 1626 1348 infunde
1673 1297 1734 1347 et
1778 1306 1949 1349 mane
1995 1289 2230 1349 ieiunus

201 1391 304 1433 eas
351 1375 555 1452 accipe
602 1382 663 1435 et
705 1374 820 1435 hoc
868 1392 976 1453 per
1021 1375 1287 1436 triduum
1344 1375 1551 1456 facit03
1606 1384 1743 1454 post
1796 1377 1908 1437 hoc
1967 1377 2112 1437 ferri
2158 1396 2230 1437 ex

202 1479 383 1522 causa
429 1462 502 1523 ad
537 1463 652 1523 hoc
691 1463 833 1523 facti
868 1463 1185 1524 massulam
1223 1471 1317 1524 ter
1357 1463 1665 1524 ardentem
1703 1466 1981 1543 extingue
2021 1482 2091 1525 ex
2129 1483 2230 1543 po·

201 1551 367 1611 tione
406 1550 748 1612 absinthiati
788 1559 844 1612 et
882 1550 1020 1612 bibe
1060 1559 1237 1631 atque
1274 1552 1389 1612 boc
1426 1569 1535 1631 per
1570 1551 1837 1613 triduum
1875 1552 2069 1613 facito.
2143 1552 2231 1613 Ad
2268 1563 2338 1613 80

118 1656 172 1698 15
201 1638 429 1717 splenis
459 1639 721 1700 dolorem
752 1641 1076 1719 cuminum,
1106 1647 1393 1719 quantum
1424 1638 1620 1700 tribus
1648 1640 1850 1718 digitis
1873 1642 2068 1718 possis
2094 1659 2229 1701 con·

199 1727 596 1808 prehendere,
627 1747 764 1790 cum
787 1730 923 1789 vino
945 1730 1152 1789 tritum
1173 1729 1375 1790 ieiuno
1394 1727 1683 1789 laboranti
1706 1727 1871 1789 dabis
1890 1728 2229 1790 bibendum.

998 1922 1156 1984 CAP.
1205 1921 1439 1983 XXIIII.

243 2034 644 2119 ,Pleuritieis
691 2037 762 2091 et
805 2036 1100 2091 laterum
1147 2033 1502 2090 doloribus
1548 2033 1848 2090 remedia
1890 2034 2173 2104 physica

442 2125 513 2179 et
556 2123 983 2181 rationabilia
1029 2124 1301 2180 diversa
1347 2123 1432 2179 de
1481 2123 1986 2194 experimentis.

377 2257 661 2337 Malagma
719 2258 791 2319 ad
846 2258 1048 2320 lateris
1105 2269 1165 2320 et
1209 2262 1471 2339 pectoris
1518 2259 1781 2320 dolorem
1828 2267 1889 2320 et
1935 2259 2223 2338 quidquid
2266 2271 2294 2319 1

198 2347 515 2408 molestum
562 2367 632 2408 ex
680 2348 1063 2427 perfrictione
1106 2347 1434 2428 colligitur3
1480 2347 1633 2408 bene
1683 2350 1840 2408 enim
1887 2348 2121 2409 calfacit
2166 2359 2227 2409 et

193 2435 333 2496 ideo
381 2436 453 2496 ad
500 2454 736 2497 omnem
783 2437 1045 2501 dolorem
1093 2436 1363 2517 prodest,
1418 2437 1733 2497 conficitur
1784 2439 1897 2499 sic:
1955 2436 2226 2497 Samsuci

109 2542 167 2582 20
196 2527 436 2586 contusi
474 2527 856 2606 semunciam,
893 2527 1000 2586 iris
1035 2534 1317 2586 contusae
1346 2526 1523 2606 idem,
1553 2527 1757 2604 cyperi
1785 2527 2022 2586 contusi
2049 2525 2225 2605 idem,

193 2615 430 2674 resinae
488 2612 920 2674 terebinthinae
968 2614 1030 2674 P.
1072 2614 1139 2696 S,
1196 2632 1367 2675 cerae
1414 2612 1476 2673 P.
1516 2612 1737 2693 1,>01ei
1784 2615 2013 2692 cyprini
2060 2612 2124 2674 P.
2166 2612 2223 2693 S,

193 2703 319 2762 vini
365 2703 598 2762 Aminei
643 2699 707 2762 ὃ*
743 2702 786 2762 I.
866 2701 933 2761 In
979 2702 1092 2763 hoc
1141 2721 1291 2782 quae
1339 2701 1501 2762 arida
1551 2709 1691 2762 sunt
1738 2708 1984 2762 contusa
2032 2720 2221 2762 mace-

192 2798 407 2851 rantur
454 2809 574 2873 uno
623 2790 717 2851 die
766 2798 825 2850 et
871 2800 1045 2852 nocte
1093 2809 1229 2851 cum
1276 2789 1437 2871 ole03
1495 2808 1630 2850 cera
1686 2797 1747 2850 et
1792 2792 1990 2851 resina
2036 2789 2222 2869 lique-

189 2880 347 2939 fiunt
392 2878 464 2939 ad
510 2881 736 2959 ignem,
792 2878 1004 2939 deinde
1053 2878 1570 2957 superfunduntur
1615 2880 1752 2938 vino
1800 2888 1860 2938 et
1905 2880 2223 2956 pigmentis

103 2983 160 3025 25
189 2970 510 3029 maceratis
559 2964 672 3046 [et]
720 2970 1052 3028 miscentur
1090 2972 1167 3028 ac'
1195 2967 1468 3028 manibus
1508 2966 1610 3027 diu
1651 2966 2027 3044 subiguntur.
2095 2965 2221 3027 Hoc

188 3063 331 3136 post
370 3055 496 3116 dies
528 3054 689 3115 XXX
727 3057 1029 3116 efficacius
1057 3055 1331 3136 prodest3
1369 3058 1538 3117 initio
1568 3057 1730 3116 enim
1758 3054 2025 3116 umidum
2057 3055 2220 3117 valde

189 3153 284 3206 est
333 3152 393 3205 et
440 3147 535 3204 vix
582 3144 816 3205 inlitum
862 3152 1078 3205 manet.

370 3232 654 3311 Malagma
702 3232 774 3293 ad
816 3234 1226 3293 contusionem
1268 3231 1488 3313 lateris,
1534 3233 1693 3292 idem
1735 3232 1874 3293 facit
1915 3242 1973 3292 et
2012 3232 2082 3291 ad
2123 3250 2217 3292 su·
2257 3243 2289 3290 2

189 3330 426 3402 spectas
484 3324 740 3381 vomicas
806 3330 908 3382 aut
963 3323 1079 3381 iam
1144 3321 1328 3382 factas
1394 3323 1612 3402 aperit,
1668 3329 1976 3399 praeterea
2042 3316 2220 3400 <ad>

370 3460 402 3510 5
429 3472 575 3526 pone
605 3458 677 3511 et.
763 3462 793 3510 ⁷
825 3456 950 3511 oris.
1039 3463 1070 3511 9
1091 3457 1388 3526 permittit.
1474 3462 1539 3510 12
1560 3455 1805 3510 tridium.
1910 3459 1976 3508 13
2005 3471 2216 3507 masso-

183 3528 321 3583 lam.
401 3533 467 3583 16
489 3526 893 3583 laborantibus.
973 3533 1038 3581 18
1060 3527 1374 3596 collegitur.
1450 3532 1518 3580 21
1541 3523 1934 3581 terebintinae.
2006 3529 2075 3579 22
2105 3540 2218 3577 am—

183 3598 375 3655 minei.
475 3604 543 3653 25
584 3598 643 3652 et
677 3600 896 3659 inclusi.
989 3605 1058 3654 26
1096 3597 1406 3654 humidum.
1490 3602 1559 3650 29
1588 3595 1664 3651 ad
1693 3597 1892 3651 addidi
1918 3612 1945 3652 e
1972 3595 2219 3655 Scribon.

1794 3683 1904 3737 16*
