2575 4092
996 241 1308 306 —335
1403 278 1480 289 —

220 401 474 484 lepidos,
522 401 872 485 chalcanthi,
919 399 1330 484 <stypteriae>
1378 403 1659 484 schistes,
1709 405 1855 467 haec
1902 407 2042 468 trita
2087 426 2248 468 men-

222 494 386 552 suris
440 491 686 570 paribus
735 492 899 553 melli
944 492 1292 571 despumato
1337 494 1519 554 mixta
1566 493 1638 553 ad
1686 512 1861 555 usum
1906 495 2248 558 huiusmodi

222 579 640 642 servabuntur.

402 669 489 729 Ad
530 670 860 749 syringium
896 670 1227 731 remedium
1264 670 1499 732 efficax:
1537 670 1736 732 Olivae
1766 672 2081 734 medullam
2110 691 2247 735 cum
2285 684 2353 734 52

164 773 194 815 5
223 759 452 819 semine
499 776 715 819 avenae
757 758 965 837 aequis
1001 758 1380 837 portionibus
1418 768 1576 820 teres
1615 767 1675 821 et
1709 760 2015 840 pulverem
2050 765 2247 842 ipsum

221 864 375 926 aqua
431 846 675 908 caelesti
728 865 1088 926 consperges
1145 848 1446 928 faciesque
1503 867 1573 909 ex
1631 867 1701 909 eo
1763 848 2027 930 collyria,
2096 869 2246 930 quae

219 934 456 996 fistulae
502 938 600 997 ani
644 937 788 996 inici
825 938 1074 1017 possint,
1120 954 1269 1015 quae
1315 955 1424 1015 per
1462 937 1728 998 triduum
1767 940 1982 1000 iniecta
2020 939 2248 1000 fistulas

219 1026 284 1084 in
339 1024 637 1104 profundo
690 1026 917 1105 positas
973 1026 1132 1085 foras
1193 1025 1558 1107 producent,
1622 1034 1690 1088 ut
1754 1034 1961 1106 postea
2014 1030 2246 1108 possint

218 1111 612 1174 medicamine
658 1111 883 1174 leniore
930 1115 1144 1174 sanari.

134 1217 193 1257 ιο
402 1202 756 1263 Intestinum
789 1210 1123 1263 extremum
1151 1202 1371 1281 quibus
1397 1205 1696 1283 prominet
1725 1211 1785 1265 et
1812 1204 2064 1285 excedit,
2102 1223 2244 1284 quo·
2283 1215 2352 1265 53

218 1292 380 1351 tiens
415 1293 796 1373 processerit,
833 1293 1055 1352 totiens
1091 1292 1226 1351 vino
1264 1290 1473 1372 calido,
1509 1294 1572 1352 in
1610 1311 1728 1371 quo
1767 1292 1951 1354 herba
1989 1293 2245 1355 verbena

217 1385 392 1440 cocta
438 1379 646 1460 fuerit,
692 1379 952 1441 admixto
998 1381 1167 1440 tenui
1211 1378 1389 1440 lixivo
1435 1379 1617 1441 lavari
1667 1381 1981 1460 oportebit.
2064 1381 2244 1444 Prod-

217 1476 315 1529 est
361 1475 421 1529 et
464 1467 608 1527 illud
657 1470 790 1546 pice
836 1467 1058 1548 liquida
1103 1486 1483 1547 perunguere
1540 1478 1599 1530 et
1648 1471 1736 1530 sic
1781 1472 2107 1531 introrsum
2154 1489 2245 1531 re-

215 1555 389 1638 pelli3
435 1555 585 1617 bene
633 1557 773 1617 facit
818 1557 891 1617 ad
937 1556 1051 1617 hoc
1099 1564 1156 1618 et
1200 1559 1354 1618 cinis
1392 1575 1461 1617 ex
1502 1564 1802 1618 sarmento
1840 1558 2031 1619 factus
2068 1566 2245 1638 atque

131 1659 187 1701 15
218 1645 521 1706 cribratus
568 1647 884 1725 siccusque
929 1647 1267 1726 inspersus3
1323 1645 1558 1706 alumen
1606 1663 1843 1725 quoque
1890 1648 2095 1707 fissum
2141 1649 2246 1708 tri-

214 1742 350 1795 tum
397 1733 589 1794 eidem
634 1733 765 1794 loco
811 1735 1156 1813 impositum
1202 1734 1527 1813 plurimum
1576 1735 1837 1813 prodest.

1014 1927 1174 1989 CAP.
1221 1926 1456 1989 XXXII.

209 2039 560 2098 Panion-lis
624 2043 694 2096 et
756 2039 1150 2110 inguinibus
1215 2043 1287 2096 et.
1349 2040 1886 2110 intera-iginibus
1947 2040 2246 2097 remedia.

303 2130 587 2201 physica.
631 2132 702 2185 et
743 2128 1169 2185 rationabilia.
1213 2128 1483 2185 diversa
1529 2129 1614 2185 de
1663 2129 2164 2199 experimentis.

396 2265 696 2345 Malagma,
744 2264 900 2343 quod
946 2266 1192 2326 discutit
1238 2274 1514 2348 strumas,
1558 2265 1877 2347 parotidas,
1920 2264 2243 2348 paniculaS,
2283 2281 2310 2328 1

216 2373 369 2435 quas
417 2354 628 2415 Graeci
672 2352 991 2433 phygethla
1027 2361 1265 2433 vocant,
1313 2372 1520 2415 omnes
1558 2372 1796 2434 quoque
1833 2355 2066 2415 suturas
2103 2373 2241 2434 sup·

215 2444 567 2523 purationes
615 2442 929 2522 dispergit,
987 2442 1173 2503 factas
1218 2460 1360 2503 vero
1406 2445 1622 2523 aperit3
1671 2443 1813 2503 facit
1859 2450 1919 2503 et
1964 2442 2033 2502 ad
2083 2442 2242 2503 dolo-

123 2546 185 2587 20
214 2550 346 2593 rem
393 2530 979 2593 articulamentorum
1026 2532 1290 2592 omnium
1336 2538 1398 2591 et
1441 2533 1871 2612 iuncturarum,
1921 2533 2243 2611 praecipue

212 2621 287 2682 ad
337 2620 675 2682 lumborum
718 2618 982 2679 dolorem
1030 2627 1207 2698 atque
1253 2618 1617 2680 inflationem
1656 2619 1946 2680 stomachi
1983 2619 2073 2680 vel
2110 2620 2243 2700 coli,

213 2710 532 2770 conficitur
580 2710 692 2769 sic:
738 2706 896 2768 Picis
932 2707 1245 2788 Hispanae,
1293 2707 1641 2788 aphronitri,
1687 2710 1920 2768 resinae
1964 2709 2243 2788 pityinae,

214 2816 416 2879 cerae,
471 2797 626 2858 lauri
670 2796 980 2878 bacarum,
1037 2795 1407 2875 singulorum
1456 2796 1730 2857 denarios
1778 2794 2007 2878 XXXV,
2053 2796 2243 2875 adipis

214 2888 439 2947 taurini
484 2885 537 2946 X
585 2884 704 2966 XV,
759 2886 1156 2946 ammoniacae
1204 2892 1408 2963 guttae
1454 2884 1505 2945 X
1552 2882 1670 2966 XV,
1715 2887 1824 2945 iris
1862 2884 1914 2944 X
1961 2882 2078 2964 XV,
2125 2883 2243 2962 gal—

126 2988 184 3030 25
214 2975 358 3036 bani
401 2974 453 3034 X
490 2974 608 3055 XV,
653 2976 880 3053 piperis
927 2973 1047 3033 albi
1092 2973 1143 3034 X
1179 2973 1243 3034 V.
1310 2972 1473 3044 Quae
1510 2973 1729 3035 debent
1765 2972 2077 3054 liquefieri,
2126 2972 2241 3033 dis-

215 3062 529 3125 solvuntur
582 3065 719 3141 igne
766 3070 827 3123 et
872 3061 1002 3122 oleo
1051 3064 1262 3140 exiguo
1320 3061 1659 3143 diluuntur,
1715 3069 1914 3124 cetera
1961 3068 2133 3122 tunsa
2181 3069 2244 3123 et

216 3152 476 3214 cribrata
521 3151 673 3213 bene
722 3157 1121 3230 asperguntur
1166 3154 1394 3231 tepenti
1440 3152 1887 3232 medicamento,
1935 3151 2091 3230 quod
2137 3149 2240 3211 diu

215 3241 492 3320 agitando
538 3243 853 3322 miscetur,
900 3238 1112 3301 deinde
1159 3239 1434 3301 manibus
1482 3239 1797 3322 subigitur,
1843 3247 1911 3301 ut
1955 3238 2241 3316 malagma

215 3332 659 3391 exactissimum
706 3329 825 3389 fiat.

396 3472 424 3519 1
466 3463 886 3520 calchanthum.
977 3464 1283 3534 stypteriae
1323 3465 1533 3520 addidi.
1638 3462 1861 3519 chistes.
1961 3468 1994 3517 3
2025 3480 2061 3517 a
2085 3478 2240 3518 voea-

214 3538 341 3593 bulo
380 3536 753 3591 servabuntur
789 3537 955 3590 codex
990 3536 1172 3602 deficit
1195 3552 1365 3605 usque
1393 3537 1467 3589 ad
1495 3552 1537 3589 c.
1558 3533 1810 3600 XXXIII,
1829 3539 1914 3588 45.
2044 3539 2111 3587 10
2149 3549 2240 3587 ex-

215 3607 398 3676 cedet,
428 3607 683 3663 correxi..
734 3611 800 3661 18
829 3605 1140 3676 phygethla
1167 3606 1507 3675 Stephanus.-
1538 3603 1891 3674 phygethlon
1921 3603 2239 3660 Oornarius.
