2575 4092
995 244 1473 309 —119—

220 405 413 481 guinis
452 406 797 485 eruptiones
834 414 894 467 et
931 406 1004 467 ad
1042 409 1393 469 eminentias
1439 411 1611 487 quasi
1646 408 1894 474 callosas
1941 412 2099 471 circa
2136 429 2237 472 an·

218 492 383 571 gulos
439 496 778 571 geusiarum
825 504 886 556 et
931 496 1162 557 radices
1207 496 1507 579 dentium,
1563 497 1706 559 facit
1761 508 1822 560 et
1873 499 1947 560 ad
2002 508 2237 561 veretra

217 591 278 642 et
320 582 392 642 ad
442 581 727 662 longioris
771 588 1060 663 temporis
1105 586 1353 646 fissuras
1398 587 1462 646 in
1500 604 1630 665 ano,
1673 605 1820 666 quas
1857 586 2070 649 Graeci
2106 588 2238 650 rha-

217 671 391 749 gadas
429 672 753 751 appellant:
796 672 1049 735 Chartae
1086 681 1273 753 ustae,
1312 674 1542 754 plumbi
1577 678 1716 755 usti,
1755 694 2034 756 squamae
2066 677 2239 738 rubri

166 782 192 823 5
216 761 387 841 aeriS‚
432 762 855 840 auripigmenti
892 762 944 823 X
981 762 1172 841 binoS,
1210 763 1474 842 sulpuris
1512 766 1627 825 vivi
1663 764 1796 847 3413
1833 767 2009 827 siccis
2045 765 2139 827 his
2178 775 2239 827 et

216 847 365 909 bene
420 852 584 910 tritis
633 852 724 911 uti
770 858 1033 932 oportet,
1090 861 1183 913 est
1228 855 1386 913 enim
1436 853 1913 915 efficacissimum
1959 854 2237 916 omnibus

214 954 389 1016 supra
428 941 672 1018 scriptis
708 939 1224 1002 medicamentum.
1296 941 1558 1002 Anthera
1595 941 1666 1003 ad
1705 944 1970 1021 gingivas
2006 952 2236 1005 tumen·
2274 957 2343 1007 38

212 1034 299 1086 tes
345 1035 407 1087 et
452 1020 777 1089 ad'ulcera
823 1028 1146 1090 abalienata
1186 1031 1247 1090 in
1292 1032 1544 1091 veretris
1582 1041 1642 1092 et
1679 1031 1753 1092 ad
1791 1050 1876 1112 ea,
1914 1033 1977 1093 in
2014 1032 2235 1112 quibus

212 1117 457 1177 nimium
508 1134 647 1177 caro
694 1118 903 1180 vitiosa
951 1121 1311 1180 excreverit:
1383 1118 1599 1199 Cyperi
1646 1119 1696 1181 X
1732 1120 1812 1200 ΙΙ,
1869 1123 2032 1182 croci
2078 1119 2128 1181 X
2167 1120 2236 1203 11,

140 1226 188 1266 10
213 1221 442 1283 myrrae
502 1204 556 1265 X
592 1205 643 1286 1,
699 1205 974 1267 aluminis
1029 1207 1157 1268 fissi
1210 1207 1262 1267 X
1300 1207 1378 1287 ΙΙ,
1435 1209 1789 1271 sandaracae
1846 1209 1898 1270 X
1942 1207 1984 1270 1.
2077 1208 2235 1271 Haec

208 1295 342 1353 trita
381 1311 659 1355 seorsum
698 1302 759 1355 et
794 1296 858 1355 in
895 1313 1083 1356 unum
1120 1298 1302 1357 mixta
1339 1307 1715 1377 reponuntur
1762 1306 1823 1359 et
1859 1300 2015 1360 sicca
2055 1316 2234 1379 supra

208 1382 377 1446 dictis
423 1384 590 1444 vitiis
637 1382 1011 1445 adhibentur.

1060 1578 1218 1640 CAP.
1266 1578 1393 1640 XII.

202 1690 530 1746 Dentium
567 1690 922 1746 doloribus
960 1693 1031 1747 et
1065 1690 1245 1746 vitiis
1284 1705 1528 1747 eorum
1562 1691 1901 1747 universis
1936 1691 2236 1749 remedia

280 1778 571 1848 physica
615 1782 686 1835 et
728 1780 1155 1836 rationabilia
1200 1780 1472 1836 diversa
1516 1781 1602 1836 de
1649 1779 2153 1851 experimentis.

372 1917 464 1978 Ad
518 1916 785 1978 dentium
824 1916 1090 1977 dolorem
1129 1918 1399 1996 quamvis
1435 1917 1680 1996 plurimi
1720 1916 1922 1978 dicant
1966 1917 2235 1977 forficem
2277 1931 2305 1979 1

202 2005 535 2067 remedium
582 2023 715 2066 esse
762 2008 1072 2084 optimum,
1118 2006 1303 2067 multa
1349 2013 1548 2066 tamen
1586 2007 1736 2065 citra
1779 2004 1930 2067 hanc
1978 2008 2234 2066 necessi-

133 2113 179 2155 15
205 2102 382 2155 tatem
440 2097 570 2157 scio
628 2095 944 2174 profuisse.
1038 2094 1243 2174 Itaque
1303 2113 1439 2156 cum
1495 2112 1708 2156 exesus
1765 2102 1858 2155 est
1913 2095 2106 2174 aliqua
2162 2114 2232 2156 ex

203 2192 365 2259 parte
413 2184 594 2264 denS,
650 2201 766 2244 non
816 2183 1038 2245 suadeo
1083 2186 1360 2263 protinus
1405 2183 1759 2265 tollendum,
1806 2184 1911 2245 sed
1958 2184 2233 2245 exciden-

203 2270 339 2333 dum
396 2273 635 2352 scalpro
683 2271 1046 2354 medicinali,
1101 2291 1217 2351 qua
1263 2281 1507 2334 cavatus
1554 2281 1671 2354 est,
1730 2273 1888 2351 quod
1936 2275 2064 2334 sine
2113 2273 2234 2334 ullo

203 2360 267 2421 fit
318 2362 556 2442 dolore3
614 2361 841 2440 reliqua
898 2363 1059 2422 enim
1114 2362 1300 2423 solida
1354 2380 1494 2440 pars
1550 2363 1680 2423 eius
1736 2370 1798 2422 et
1853 2363 2114 2442 speciem
2175 2373 2236 2423 et

203 2467 375 2511 usum
422 2451 626 2511 dentis
672 2450 1013 2529 praestabit.
1086 2449 1203 2511 Sed
1241 2469 1379 2512 cum
1417 2449 1587 2510 dolor
1633 2448 1889 2531 urgebit,
1936 2453 2096 2510 varie
2144 2469 2234 2511 se-

132 2556 179 2595 20
205 2537 430 2601 dandus
478 2548 575 2600 est
620 2541 836 2618 partim
884 2537 1206 2600 collutione
1245 2538 1638 2618 quorundam,
1682 2540 1901 2618 partim
1938 2557 2234 2600 comman-

204 2625 547 2708 ducatione,
605 2645 1051 2707 nonnumquam
1098 2628 1401 2689 suffitione
1437 2633 1562 2689 'aut
1605 2629 1966 2707 inpositione
2012 2626 2235 2707 aliquo-

204 2732 333 2776 rum
396 2715 822 2777 remediorum.
915 2715 1167 2778 Prodest
1231 2735 1375 2795 ergo
1442 2716 1702 2778 colluere
1756 2733 1825 2776 os
1884 2718 2234 2795 frequenter

202 2804 399 2866 radice
446 2804 672 2867 herbae
719 2806 1161 2885 quinquefoliae
1197 2807 1467 2866 incoctae
1506 2807 1668 2885 vino,
1714 2807 1859 2865 item
1904 2803 2090 2866 herba
2135 2824 2234 2866 ur-

130 2920 133 2923 *
204 2893 421 2954 ceolari
481 2902 543 2954 et
609 2897 879 2973 cupressi
943 2894 1106 2956 bacis
1170 2912 1324 2974 aqua
1378 2896 1656 2976 incoctis;
1723 2893 1931 2955 alterci
1994 2912 2233 2973 quoque

131 2997 178 3037 85
202 2982 367 3043 radix
414 2982 571 3044 bene
619 2984 835 3062 accipit
882 2992 983 3043 aut
1030 2981 1298 3044 eiusdem
1345 3001 1548 3044 semen
1592 2982 1833 3044 linteolo
1873 2984 2066 3062 spisso
2102 2983 2234 3044 inli-

202 3079 401 3147 gatum
459 3079 522 3132 et
577 3089 727 3150 aqua
783 3073 1019 3152 saepius
1075 3072 1552 3153 infervefactum,
1618 3074 1796 3133 etiam
1857 3090 2040 3134 sucus
2104 3073 2233 3133 eius

202 3166 410 3237 tepens
450 3160 733 3221 dentibus
770 3159 1072 3222 adhibitus
1109 3160 1435 3241 plurimum
1473 3161 1738 3240 prodest.
1797 3160 1999 3222 Suffiri
2036 3171 2233 3223 autem
2272 3173 2304 3222 2

201 3246 408 3310 dentes
457 3256 697 3327 oportet
742 3267 846 3309 ore
894 3249 1174 3329 adaperto
1220 3249 1430 3311 alterci
1475 3251 1700 3311 semine
1738 3248 2095 3311 carbonibus
2133 3249 2236 3310 ad-

200 3339 393 3413 posito
442 3345 624 3416 atque
670 3337 924 3398 subinde
961 3356 1029 3399 os
1066 3337 1330 3399 colluere
1370 3356 1520 3419 aqua
1559 3338 1765 3420 calida,
1810 3340 1871 3399 in
1911 3356 2026 3418 qua
2065 3336 2233 3398 radix

341 3550 374 3597 3
412 3543 669 3599 raeadas.
808 3551 841 3600 6
878 3544 965 3599 uti
999 3562 1101 3601 om.
1217 3552 1246 3599 7
1284 3544 1842 3599 medicamentorum.
2010 3549 2077 3597 21
2118 3542 2232 3598 suf-

201 3610 434 3669 fusione.
583 3620 650 3668 27
687 3616 908 3687 tepens]
947 3620 1202 3686 ptepenS.
