2575 4092
316 406 483 488 facit3
521 406 787 466 nascitur
817 405 996 464 etiam
1023 402 1160 464 bilis
1188 404 1357 464 acida
1385 410 1446 464 et
1475 420 1689 482 amara,
1722 419 1875 482 quae
1904 400 2128 463 dicitur
2158 409 2349 462 mater

313 494 680 557 morborum.
744 491 891 553 Bilis
921 494 1080 553 enim
1110 510 1248 553 cum
1277 500 1389 575 est,
1419 493 1679 554 concitat
1707 491 1952 552 calores,
2017 490 2102 551 De
2131 492 2348 571 pituita

313 584 624 664 perfrictio
672 583 964 663 nascitur,
1020 600 1171 662 quae
1220 581 1363 643 facit
1408 580 1673 642 dolorem
1721 581 2171 661 intestinorum,
2229 587 2350 641 tor-

315 676 514 734 siones
543 673 720 734 etiam
749 671 1252 752 inflationemque,
1286 688 1439 750 quae
1468 688 1689 750 corpus
1718 678 2016 731 extenuat.
2094 668 2349 750 Sanguis

314 771 515 824 autem
559 781 592 823 a
637 762 822 822 nimio
869 760 1005 822 cibo
1050 761 1351 839 nimiaque
1399 762 1641 841 potione
1688 760 1900 839 incipit
1945 757 2249 820 abundare
2288 767 2349 820 et
2403 775 2433 816 5

314 852 609 914 cruditate
668 852 1100 929 conrumpitur.
1183 847 1302 919 Qui
1356 867 1495 910 cum
1542 856 1823 927 evagatur
1877 856 2044 909 extra
2101 866 2348 910 cursum

315 949 578 1021 naturae,
624 939 806 1000 infert
851 937 1046 1018 aliqua
1085 940 1327 1018 corpori
1361 940 1519 1019 vitia,
1558 945 1616 999 et
1653 939 1717 998 in
1757 955 2129 1017 quacumque
2176 945 2347 1017 parte

312 1037 647 1108 conruptus
683 1027 975 1109 incubuit,
1013 1027 1218 1106 fatigat
1255 1035 1317 1088 et
1354 1026 1551 1088 laedit.
1623 1025 1771 1089 Nam
1810 1028 2050 1105 sanguis
2089 1028 2349 1087 animam

314 1136 554 1199 quoque
601 1119 769 1179 vitiat
815 1125 875 1178 et
920 1116 1058 1177 inde
1098 1134 1164 1177 os
1203 1115 1462 1177 hominis
1499 1118 1712 1194 incipit
1758 1116 1965 1176 fetere.
2018 1114 2205 1202 'Cum
2254 1124 2347 1177 cst

310 1225 456 1287 ergo
486 1209 720 1285 integer
749 1207 1008 1286 sanguiS,
1046 1207 1302 1266 animam
1331 1207 1459 1266 sine
1488 1204 1670 1267 dubio
1700 1205 2029 1286 confirmat,
2061 1212 2130 1265 ut
2156 1206 2349 1283 possit
2377 1222 2433 1262 ιο

315 1296 504 1375 frigus
543 1295 919 1374 caloremque
957 1294 1174 1355 fortius
1212 1296 1530 1355 sustinere.
1595 1294 1671 1353 At
1709 1312 1847 1354 cum
1884 1291 2146 1354 abundat
2183 1312 2347 1354 cum-

314 1403 430 1464 que
478 1383 672 1446 calore
719 1386 948 1445 animae
995 1386 1440 1464 conrumpitur,
1486 1384 1553 1443 fit
1600 1384 1827 1463 sanies3
1886 1390 2015 1443 tum
2062 1389 2122 1443 et
2167 1380 2348 1444 bilem

314 1483 501 1534 atram
548 1471 872 1535 concitabit
918 1480 980 1533 et
1025 1471 1283 1534 calorem
1329 1472 1633 1533 interdum
1670 1490 1739 1532 ac
1776 1472 1965 1550 frigus
2004 1471 2182 1533 faciet
2219 1489 2349 1533 cor-

312 1565 563 1642 porique
611 1564 891 1623 universo
938 1560 1284 1640 languorem
1329 1563 1677 1640 animaeque
1714 1560 1934 1621 malum
1973 1560 2217 1621 odorem
2255 1561 2350 1622 vel

233 1658 276 1707 4
314 1651 640 1713 anhelitum
686 1652 880 1712 faciet.
953 1649 1082 1721 Quo
1131 1649 1364 1712 facilius
1402 1652 1588 1729 igitur
1626 1650 1953 1711 commodis
1990 1648 2347 1711 valetudinis
2377 1667 2436 1709 ιε

313 1741 584 1802 fruamur
629 1749 689 1802 et
737 1740 1111 1801 incommoda
1157 1742 1438 1821 vitemuS,
1484 1740 1884 1818 prognostica,
1933 1739 1992 1799 id
2039 1746 2133 1799 est
2177 1757 2347 1818 prae·

313 1832 618 1891 currentia
663 1831 822 1912 vitia,
860 1831 1048 1909 signis
1094 1827 1466 1890 naturalibus
1515 1846 1943 1906 cognoscamus
1991 1830 2348 1908 cognitaque

313 1919 715 2001 emendemuS,
743 1936 818 1979 ne
848 1918 1156 1979 mortifera
1182 1919 1343 1979 fiant.
1410 1915 1704 1987 Quattuor
1731 1918 1917 1996 igitur
1945 1916 2348 1997 disponuntur

313 2010 584 2087 corporis
621 2016 841 2087 partes,
878 2008 1051 2069 cuius
1089 2009 1256 2086 origo
1295 2008 1358 2066 in
1397 2007 1591 2085 capite
1621 2013 1715 2067 est
1743 2013 1803 2066 et
1830 2006 2090 2086 thorace,
2130 2006 2345 2068 deinde

313 2102 522 2156 venter
567 2097 843 2175 sequitur
891 2103 952 2156 et
998 2097 1211 2158 vesica.
1283 2095 1370 2156 lta
1419 2112 1561 2173 ergo
1607 2094 1875 2156 locorum
1923 2097 2178 2157 istorum
2224 2098 2343 2157 sin·
2371 2112 2429 2154 so

233 2191 273 2240 5
312 2202 481 2246 ceras
527 2192 698 2245 notas
745 2202 1192 2262 cognoscemus.
1283 2182 1555 2245 Hominis
1601 2186 1731 2245 sani
1775 2186 1949 2245 urina
1997 2203 2168 2246 mane
2214 2183 2345 2246 alba

311 2275 443 2354 erit,
480 2281 617 2334 ante
654 2273 971 2352 prandium
1009 2274 1159 2349 rufa,
1206 2276 1409 2353 pransi
1455 2291 1670 2334 rursus
1712 2273 1980 2355 candida,
2024 2275 2170 2335 item
2206 2282 2344 2335 ante

311 2380 519 2423 cenam
564 2380 790 2424 russea.
862 2361 985 2423 Nec
1032 2380 1142 2441 ego
1187 2370 1388 2424 tamen
1430 2363 1852 2424 necessitatem
1886 2363 2221 2441 prandendi
2256 2365 2345 2424 in-

308 2455 501 2532 posui,
538 2451 642 2512 sed
680 2454 867 2530 magis
906 2454 1136 2513 urinam
1167 2462 1229 2512 et
1256 2459 1525 2531 tempora
1555 2451 1842 2512 naturalia
1871 2452 2122 2513 ostendi.
2196 2451 2345 2514 Can·

312 2539 447 2601 dida
495 2543 655 2601 enim
700 2542 874 2602 urina
921 2539 1098 2601 debet
1144 2559 1305 2622 esse,
1361 2539 1468 2601 ubi
1515 2540 1779 2601 cruditas
1826 2559 1946 2602 non
1994 2549 2112 2622 est,
2169 2559 2343 2602 mane
2370 2558 2429 2600 25

311 2630 514 2707 quieto
562 2648 832 2710 corpore,
880 2629 1094 2690 deinde
1141 2638 1342 2691 motus
1387 2632 1516 2709 ipse
1561 2637 1623 2690 et
1659 2628 2056 2691 deambulatio
2108 2633 2346 2691 urinam

310 2716 514 2779 turbat
582 2720 920 2798 excitatque
983 2719 1242 2780 vesicam
1307 2719 1563 2798 ideoque
1618 2717 1940 2780 coloratior
1994 2720 2076 2781 fit.
2169 2718 2344 2790 Quod

311 2809 364 2867 si
407 2825 580 2868 mane
628 2809 800 2869 urina
847 2810 1165 2869 mutaverit
1211 2807 1491 2888 colorem,
1538 2808 1799 2869 ostendit
1844 2807 2093 2870 subesse
2131 2810 2345 2870 vitium

234 2903 271 2952 6
311 2897 693 2978 infirmitatiS,
733 2897 889 2976 quod
924 2904 1123 2958 tamen
1150 2898 1413 2976 propriis
1442 2897 1681 2958 indiciis
1708 2895 2126 2976 intellegimus.
2192 2897 2342 2959 Cum

310 2986 470 3046 enim
508 3003 541 3045 a
579 2987 771 3065 capite
808 2984 1056 3047 morbus
1095 2987 1308 3067 oritur,
1346 2985 1498 3047 solet
1530 2988 1741 3065 capitis
1779 2984 1948 3047 dolor
1985 3004 2339 3068 conparere3
2369 3003 2425 3044 ao

309 3082 455 3134 tunc
493 3082 553 3135 et
591 3074 906 3155 supercilia
944 3083 1281 3155 gravantur,
1320 3083 1591 3154 tempora
1627 3074 1862 3156 saliunt,
1900 3092 2076 3136 aures
2111 3084 2343 3157 sonant,

310 3162 469 3223 oculi
507 3161 835 3244 lacrimant,
871 3181 1050 3224 nares
1088 3163 1351 3244 repletae
1389 3164 1634 3225 odorem
1672 3182 1791 3224 non
1831 3165 2115 3226 sentiunt.
2189 3165 2342 3227 Cum

310 3269 382 3312 ex
429 3250 523 3312 his
569 3269 713 3330 ergo
760 3251 982 3332 aliquid
1029 3253 1262 3335 accidit,
1310 3261 1489 3333 caput
1532 3254 1779 3332 purgari
1823 3261 2061 3331 oportet
2102 3253 2213 3315 hac
2250 3271 2342 3314 ra-

307 3342 488 3402 tione.
562 3339 946 3423 Hysopi1aut
998 3342 1230 3403 cunilae
1284 3341 1544 3403 bubulae
1600 3340 1947 3403 fasciculum
2005 3360 2142 3404 cum
2188 3361 2344 3423 aqua

451 3481 484 3531 3
521 3474 826 3548 torsiones]
864 3477 1048 3532 tortur
1081 3479 1166 3533 vel
1201 3479 1400 3534 tortus.
1520 3482 1552 3532 6
1584 3480 1855 3547 evagatur
1880 3479 2106 3549 scripsi:
2143 3494 2342 3534 evacu-

305 3548 401 3602 tur
444 3549 558 3604 cod.
607 3552 913 3604 evacuatur
950 3548 1269 3605 Gornarius.
1455 3554 1519 3604 12
1565 3547 1755 3604 anima.
1790 3556 1911 3608 2m.
2087 3554 2151 3604 15
2187 3549 2344 3606 vale·

306 3616 521 3674 tudinis
560 3625 592 3674 1
604 3636 659 3674 m
695 3618 1026 3675 valitudinis
1063 3625 1183 3677 2m.
1331 3625 1400 3675 30
1438 3622 1785 3694 comparere]
1823 3623 2157 3692 temperare.
