2575 4092
1023 206 1496 271 —237—

236 371 345 432 ubi
402 370 476 431 de
531 368 764 449 pecude
810 367 1081 430 sublatus
1128 369 1337 450 fuerit,
1389 387 1572 448 super
1616 369 1833 430 lienem
1879 371 2136 431 hominis
2183 373 2269 431 in·

236 462 472 541 positus
511 466 573 519 et
610 457 882 536 alligatus
918 460 1068 519 mire
1107 457 1373 519 dolorem
1409 460 1567 520 intra
1603 477 1828 537 paucos
1866 459 1993 520 dies
2022 460 2271 540 auferet,

237 552 292 610 si
328 556 540 628 postea
578 547 651 608 ad
689 547 919 607 fumum
957 546 1375 628 suspendatur,
1413 555 1481 607 ut
1507 546 1629 608 illic
1658 556 1903 609 arescat.
1967 548 2272 610 Haedinus
2308 561 2376 610 33

239 656 383 699 vero
432 637 551 698 lien
598 634 876 697 similiter
922 642 990 696 ut
1035 635 1306 696 hircinus
1353 653 1537 716 super
1583 635 1848 716 splenem
1893 638 2136 699 infantis
2174 637 2270 698 ad·

187 744 214 784 5
241 728 476 806 positus
522 732 585 786 et
631 733 898 786 tumores
945 731 1006 785 et
1051 724 1317 784 dolorem
1363 726 1495 785 eius
1542 724 1895 787 emendabit.

334 882 353 899 ,
420 816 467 874 Α
521 814 679 875 lanio
735 813 951 875 lienem
1009 813 1179 874 vituli
1237 815 1445 893 quanti
1498 813 1753 874 voluerit
1807 831 1970 874 emes
2016 832 2271 895 eumque
2309 826 2379 875 34

241 901 503 963 medium
548 900 858 963 exsecabis
896 903 1144 963 servatis
1188 903 1440 981 integris
1478 904 1610 964 eius
1646 902 1951 982 lateribus,
1998 911 2067 964 ut
2102 903 2271 965 undi-

243 1010 360 1073 que
398 993 790 1071 contineatur,
828 998 1006 1071 atque
1044 1009 1199 1072 eum,
1237 993 1342 1071 qui
1370 990 1530 1053 dolet
1559 990 1844 1071 splenem,
1879 993 1942 1052 in
1972 991 2272 1053 balineum

240 1081 426 1142 duces
474 1087 536 1141 et
579 1098 689 1159 per
735 1079 989 1141 mediam
1037 1082 1360 1141 scissuram
1406 1080 1566 1141 illius
1611 1079 1786 1142 lienis
1832 1099 1865 1140 a
1912 1083 2104 1160 capite
2144 1099 2272 1142 cor·

164 1187 218 1226 10
242 1188 358 1248 pus
404 1171 536 1231 eius
582 1186 758 1229 omne
805 1170 1159 1250 summitteS,
1204 1171 1287 1229 ita
1333 1177 1402 1230 ut
1447 1188 1638 1250 usque
1685 1169 1759 1230 ad
1796 1169 1978 1250 pedes
2015 1169 2135 1230 lien
2173 1170 2272 1231 de-

242 1258 429 1339 cidat3
476 1257 858 1336 postmodum
904 1260 1102 1337 ipsum
1148 1257 1367 1318 lienem
1411 1260 1474 1320 in
1522 1260 1684 1319 fumo
1724 1258 2055 1338 suspendes
2094 1268 2271 1340 atque

241 1348 479 1408 arefieri
533 1347 742 1425 facies3
810 1365 927 1426 quo
988 1346 1144 1407 facto
1205 1365 1341 1407 cum
1403 1346 1740 1408 tumoribus
1800 1349 1978 1408 etiam
2034 1347 2272 1409 dolores

241 1436 417 1497 lienis
463 1438 541 1517 is,
598 1437 699 1496 cui
744 1434 1109 1516 medeberis,
1166 1434 1365 1496 sedari
1415 1438 1633 1496 sentiet
1679 1437 1959 1515 omnique
2004 1436 2272 1498 molestia

242 1528 363 1587 cito
407 1522 778 1585 liberabitur.

161 1631 214 1672 15
422 1612 601 1674 Ebuli
647 1611 925 1694 radicem,
972 1630 1150 1692 quam
1197 1614 1326 1672 sine
1373 1612 1535 1673 ferro
1582 1611 1814 1693 evellas,
1862 1612 2088 1673 aridam
2135 1632 2272 1674 con·
2310 1624 2379 1673 35

244 1711 441 1764 tusam
496 1710 556 1762 et
602 1701 841 1780 pollinis
887 1700 1062 1761 modo
1111 1700 1430 1762 cribratam
1476 1719 1757 1781 repones,
1812 1700 1951 1761 inde
1997 1701 2271 1763 cocliaria

242 1794 360 1853 tria
406 1809 480 1851 ex
524 1792 648 1851 vini
693 1789 922 1870 cyathis
959 1788 1154 1850 tribus
1191 1791 1255 1850 in
1293 1789 1495 1850 limine
1536 1798 1701 1851 stans
1739 1798 1946 1851 contra
1983 1792 2275 1851 orientem

243 1898 355 1960 per
399 1879 669 1941 triduum
715 1878 903 1939 bibito
949 1880 1208 1960 ieiunus,
1254 1878 1361 1939 sed
1409 1881 1650 1940 omnino
1698 1878 1964 1960 observa,
2010 1896 2084 1939 ne
2134 1879 2275 1940 ebu-

244 1969 370 2030 lum
415 1968 576 2030 ferro
623 1969 1002 2045 contingatur
1040 1974 1144 2028 aut
1180 1985 1258 2028 ne
1294 1969 1443 2049 ipse,
1480 1968 1624 2029 dum
1661 1967 1992 2046 remedium
2032 1969 2273 2049 accipiS,

162 2075 216 2114 20
244 2059 474 2119 ferrum
519 2065 719 2118 tecum
762 2055 999 2117 habeas,

421 2144 601 2207 Ebuli
656 2145 830 2206 bacas
884 2153 1256 2225 permaturas
1313 2148 1579 2224 exprime
1634 2153 1812 2226 atque
1870 2164 1941 2205 ex
1998 2164 2069 2206 eo
2130 2165 2274 2207 suco
2313 2156 2380 2204 36

243 2238 372 2297 viro
418 2237 535 2296 tria
582 2234 857 2295 cocliaria
901 2233 973 2294 ad
1021 2235 1179 2294 diem
1226 2233 1300 2295 da
1345 2234 1627 2316 bibenda,
1675 2233 1914 2294 mulieri
1960 2233 2107 2317 duo,
2156 2255 2273 2315 quo

246 2331 485 2404 sumpto
543 2323 759 2384 deiciet
814 2341 922 2401 per
968 2331 1238 2384 ventrem
1283 2325 1472 2385 instar
1520 2325 1852 2405 sanguinis3
1909 2331 2036 2384 tum
2091 2326 2273 2384 inter-

244 2417 401 2474 iecto
456 2412 656 2474 triduo
711 2429 956 2473 rursum
1001 2411 1170 2472 dabis
1226 2419 1287 2472 et
1337 2430 1447 2490 per
1491 2412 1638 2472 haec
1684 2411 1990 2472 intervalla
2038 2421 2275 2492 repetes

168 2517 220 2559 25
250 2501 443 2563 dando
490 2505 811 2582 potionem,
857 2500 1046 2561 donec
1088 2502 1500 2581 persanes3si
1537 2509 1784 2580 propter
1822 2501 2277 2561 amaritudinem

249 2592 442 2652 solum
497 2608 709 2651 sucum
763 2589 1005 2649 haurire
1061 2608 1181 2650 non
1235 2591 1528 2671 potuerit,
1583 2588 1931 2649 tantundem
1988 2591 2113 2649 vini
2175 2597 2278 2650 aut

247 2678 534 2760 oxymelis
579 2677 839 2757 augebis.

426 2767 596 2828 Aceti
650 2766 908 2828 scillitici
961 2766 1240 2846 cyathum
1295 2784 1508 2847 unum,
1564 2765 1755 2826 mellis
1810 2766 1992 2827 Attici
2049 2758 2128 2850 ,9⁶
2177 2765 2275 2846 111,
2316 2775 2384 2823 37

247 2858 580 2918 vettonicae
638 2864 848 2917 tunsae
902 2855 1194 2916 cribratae
1254 2848 1334 2940 9ο
1383 2853 1462 2914 ΙΙΙ
1520 2856 1583 2915 in
1639 2873 1825 2915 unum
1881 2851 2161 2914 miscebis
2219 2862 2279 2914 et

168 2964 222 3004 so
251 2945 473 3007 adicies
519 2962 733 3025 aquam
779 2943 1028 3005 calidam
1059 2953 1131 3004 -et
1169 2944 1336 3004 dabis
1374 2946 1574 3004 ieiuno
1612 2961 1721 3022 per
1757 2942 2025 3004 triduum
2063 2942 2279 3021 spleni-

249 3037 370 3096 tico
417 3036 738 3113 potionem.

430 3122 669 3183 Lotium
715 3124 861 3203 eiuS,
910 3123 1014 3201 qui
1059 3120 1327 3200 splenem
1373 3120 1549 3202 dolet,
1599 3123 1873 3201 quotiens
1921 3122 2158 3181 urinam
2197 3121 2279 3180 fe·
2317 3129 2386 3178 38

251 3213 423 3293 ecrit,
461 3212 672 3290 collige
710 3218 771 3271 et
807 3213 1069 3271 cinerem
1110 3209 1181 3270 de
1220 3211 1353 3271 foco
1392 3209 1719 3270 cribratum
1755 3212 1817 3269 in
1857 3227 2040 3270 unum
2071 3208 2280 3286 subige

436 3369 504 3418 10
573 3363 647 3417 ad
708 3363 905 3434 pedes]
963 3364 1032 3418 ab
1085 3363 1173 3419 his
1225 3364 1508 3419 vocabulis
1578 3364 1744 3418 codex
1806 3376 2003 3417 rursus
2062 3361 2279 3430 incipit.

257 3441 326 3490 18
367 3433 656 3489 aebulum:
706 3433 903 3488 ebulus
953 3433 1272 3491 Gornarius.
1419 3441 1485 3487 21
1536 3432 1738 3488 aebuli.
1896 3437 1964 3486 2⁷
2004 3430 2279 3486 oximelis.

255 3512 326 3561 28
367 3504 576 3561 scilliti.
719 3511 789 3559 29
827 3505 1138 3561 vetonicae.
1285 3511 1353 3560 32
1390 3505 1600 3559 urinae.
1739 3507 1806 3557 33
1845 3517 2100 3557 cenerem
2136 3503 2205 3557 de
2242 3504 2279 3557 f.

254 3576 566 3632 cribrat-am
604 3577 742 3646 (sic),
779 3577 872 3632 sed
905 3576 1212 3632 inductum.
