2575 4092
1007 247 1490 313 -373—

224 408 562 489 adpositum
608 427 721 469 nec
775 411 973 470 minus
1029 408 1194 470 utilis
1255 415 1348 470 est
1396 409 1702 490 portulaca
1743 416 1921 490 atque
1959 410 2259 491 plantag03

227 500 475 578 spongia
533 516 771 578 quoque
828 497 1057 560 Rhodia
1110 497 1206 559 vel
1250 499 1525 560 Africana
1585 497 1778 559 mollis
1834 517 1906 559 ex
1961 517 2113 578 aqua
2157 499 2259 559 fri-

227 587 363 666 gida
421 586 690 666 adposita
743 589 932 668 iuvat3
996 586 1189 647 lanam
1251 589 1427 648 etiam
1487 587 1752 649 sucidam
1808 606 1946 648 rosa
2010 597 2070 649 et
2123 590 2259 648 vino

225 677 509 738 infectam
554 677 698 754 poni
743 677 1046 755 convenit3
1093 675 1347 737 subinde
1386 684 1583 753 autem
1622 676 1769 737 haec
1808 678 2004 737 omnia
2042 678 2260 737 mutari

165 786 202 828 5
231 772 485 846 oportet,
533 767 881 844 priusquam
928 764 1217 826 calefiant.

406 852 660 914 Prodest
705 863 765 915 et
810 853 1139 915 lomentum
1184 853 1352 914 fabae
1398 853 1639 915 molitae
1678 871 1816 914 cum
1855 855 1979 914 suis
2017 852 2260 916 valvulis
2297 870 2368 920 40

227 943 450 1005 factum
489 949 656 1003 aceto
695 960 762 1002 ac
801 941 973 1002 melle
1011 941 1266 1002 dilutum
1305 950 1482 1022 atque
1520 944 1599 1003 ita
1637 944 2011 1024 impositum3
2061 942 2262 1003 educit

228 1034 388 1094 enim
436 1032 783 1110 sanguinem
831 1037 892 1091 et
936 1030 1201 1091 dolorem
1248 1030 1418 1092 levat.

405 1119 567 1180 Belle
603 1119 850 1180 faciunt
911 1128 972 1180 et
1026 1120 1175 1179 mala
1231 1122 1418 1180 citrea
1475 1137 1651 1199 quam
1699 1122 1949 1180 maxima
1995 1122 2260 1200 quinque
2297 1136 2365 1186 41

136 1231 197 1270 ιο
227 1218 397 1271 cocta
445 1227 518 1269 ex
563 1210 717 1269 aceti
754 1210 1028 1269 sextariis
1066 1208 1280 1288 tribuS,
1329 1208 1518 1269 donec
1554 1208 1787 1269 madida
1826 1209 1994 1289 fiant3
2042 1207 2260 1287 quibus

227 1300 391 1359 tritis
438 1297 694 1358 adicitur
738 1298 1015 1358 aluminis
1060 1297 1188 1357 fissi
1234 1299 1407 1357 uncia
1455 1315 1591 1377 una,
1636 1314 1868 1376 myrrae
1918 1299 2092 1359 uncia
2142 1315 2261 1358 una

228 1394 408 1468 atque
454 1388 534 1447 ita
585 1385 949 1465 malagmatis
996 1404 1160 1446 more
1207 1386 1462 1446 ferventi
1507 1385 1800 1464 podagrae
1858 1388 2264 1465 imponuntur.

312 1503 315 1508 ·
407 1475 568 1535 Bene
616 1474 759 1535 facit
804 1483 864 1536 et
910 1475 1037 1535 aloe
1075 1483 1243 1535 aceto
1281 1474 1466 1535 diluta
1511 1482 1572 1535 et
1606 1492 1716 1553 per
1753 1473 2059 1552 pinnulam
2094 1474 2258 1555 pedi·
2295 1487 2365 1536 42

231 1564 347 1625 bus
384 1564 654 1644 inducta3
693 1565 895 1642 opium
935 1581 1171 1643 quoque
1209 1563 1361 1624 lacte
1399 1562 1678 1623 muliebri
1715 1563 1967 1624 dilutum
2006 1572 2067 1624 et
2100 1565 2261 1623 simi-

146 1653 205 1713 1'5
233 1653 374 1715 liter
418 1652 652 1713 inlitum
700 1654 879 1713 iuvat.
1745 1675 1750 1681 ·

408 1740 658 1801 Mirifice
712 1740 827 1800 hoc
885 1735 1240 1820 cataplasma
1291 1740 1585 1819 podagrae
1633 1740 1878 1801 cuilibet
1924 1742 2261 1820 superposi-
2298 1753 2364 1802 43

230 1841 361 1893 tum
415 1829 718 1911 medetur3
773 1825 928 1891 tollit
983 1831 1141 1889 enim
1198 1829 1399 1889 triduo
1457 1828 1748 1910 dolorem,
1805 1828 2049 1889 lomenti
2097 1847 2260 1890 more

232 1920 629 1999 compositum
685 1921 798 1979 sic:
862 1917 1133 1978 Feniculi
1190 1919 1434 1978 seminis
1492 1918 1687 1997 cyathi
1742 1917 1890 1997 duo,
1947 1920 2137 1978 musci
2188 1918 2262 1978 de

233 2017 451 2086 stagno
480 2006 675 2085 cyathi
714 2006 851 2086 duo,
889 2005 1161 2085 polentae
1200 2008 1399 2066 tenuis
1436 2005 1633 2084 cyathi
1672 2006 1807 2066 duo.
1864 2005 2262 2067 Commiscen·

148 2116 205 2156 so
233 2104 334 2159 tur
371 2096 516 2156 baec
553 2097 615 2155 in
666 2113 849 2156 unum
898 2103 1147 2155 contusa
1192 2097 1333 2155 trita
1383 2101 1559 2173 atque
1598 2094 1826 2173 molita3
1873 2094 2085 2155 deinde
2125 2113 2263 2155 con-

234 2192 598 2264 sparguntur
654 2202 806 2262 aqua
869 2183 1113 2263 pluviali
1168 2191 1227 2244 et
1281 2186 1363 2243 ita
1420 2191 1857 2264 temperantur,
1914 2201 1989 2243 ne
2046 2183 2264 2243 durum

234 2276 313 2335 sit
367 2272 863 2333 medicamentum
921 2291 1068 2333 neve
1126 2275 1202 2333 sit
1248 2280 1528 2352 aquatum
1578 2274 1784 2353 nimis3
1840 2272 1999 2350 quod
2045 2274 2264 2352 inposi-

233 2370 362 2423 tum
418 2363 692 2439 protinus
747 2360 926 2441 levat,
982 2361 1041 2421 id
1101 2369 1192 2421 est
1244 2364 1403 2422 intra
1458 2360 1725 2422 triduum
1779 2359 1933 2421 tollit
1980 2360 2263 2421 dolorem.

236 2450 480 2512 Constat
534 2458 732 2510 autem
789 2467 952 2531 eum,
1019 2452 1123 2530 qui
1176 2450 1291 2510 hoc
1336 2445 1737 2510 'medicamine
1794 2458 1886 2510 ter
1940 2450 2001 2509 in
2058 2467 2264 2509 mense

153 2557 209 2599 25
237 2542 396 2600 inter
452 2538 636 2599 denos
694 2538 820 2599 dies
877 2556 1023 2599 usus
1055 2537 1285 2618 tuerit,
1341 2540 1403 2598 in
1458 2546 1632 2599 nocte
1691 2556 1810 2598 non
1857 2537 2265 2599 laboraturum

233 2628 529 2708 podagrae
576 2625 798 2690 dolore.
1541 2680 1548 2683 κ

413 2715 502 2776 Ad
558 2715 830 2794 frigidam
886 2715 1234 2795 podagram,
1292 2733 1440 2793 quae
1497 2716 1627 2774 sine
1674 2722 1909 2775 tumore
1956 2722 2075 2795 est,
2126 2733 2263 2776 con·
2299 2728 2371 2776 44

235 2806 435 2866 ficitur
488 2804 839 2884 cataplasma
898 2805 1011 2865 sic:
1078 2803 1302 2864 Ciceris
1358 2805 1514 2880 nigri
1569 2802 1759 2864 moliti
1815 2806 2108 2864 sextarius
2166 2822 2263 2864 co-

236 2896 443 2974 quitur
498 2911 570 2953 ex
625 2910 778 2972 aqua
833 2900 893 2953 et
947 2892 1262 2970 diligenter
1318 2893 1563 2971 teritur,
1617 2893 1718 2952 cui
1772 2891 2029 2953 adicitur
2084 2911 2264 2953 axun—

152 3001 208 3042 so
235 2985 364 3062 giae
437 2981 763 3060 pauxillum
838 2989 898 3041 et
971 2981 1113 3041 dum
1191 2979 1346 3042 calet
1408 2980 1938 3061 medicamentum,
2010 2979 2264 3059 pedibus

232 3073 561 3150 inponitur.

415 3158 812 3237 Faenograeci
867 3159 1110 3218 seminis
1166 3165 1228 3218 et
1282 3156 1492 3217 bordei
1546 3159 1769 3219 farinae
1835 3158 2008 3219 binos
2073 3163 2259 3219 sexta·
2300 3170 2369 3219 45

237 3250 360 3308 rios
399 3246 690 3307 cribratos
728 3249 791 3307 in
828 3265 1014 3308 unum
1054 3245 1333 3306 miscebis
1371 3253 1431 3306 et
1469 3246 1766 3327 decoquas
1805 3266 1877 3307 ex
1906 3265 2055 3327 aqua
2085 3254 2262 3326 atque

238 3335 418 3397 addes
473 3335 588 3396 olei
646 3335 804 3415 quod
864 3335 1121 3396 sufficiat
1176 3353 1242 3395 ac
1301 3334 1551 3395 subinde
1607 3336 1860 3397 calidum
1910 3335 2264 3415 cataplasma

419 3478 450 3526 6
505 3470 820 3525 lomentum
873 3470 1037 3525 fabae
1093 3468 1350 3541 molitae]
1409 3472 1694 3523 omentum
1751 3470 2069 3541 caprinum,
2123 3471 2263 3526 item

236 3542 373 3597 faba.
407 3540 609 3597 molita
645 3540 896 3598 Scribon,
1112 3534 1360 3610 valgulis
1400 3540 1720 3595 Carnarius.
1922 3548 1989 3597 28
2028 3539 2261 3612 Ciceris]

238 3613 448 3685 piperis
485 3612 733 3669 Scribon.
