2575 4092
336 407 684 485 priusquam
722 405 1043 466 dormitum
1082 412 1195 484 eat,
1233 407 1515 466 tussienti
1549 407 1664 465 tria
1692 406 1982 483 catapotia
2011 404 2370 488 devoranda,

338 493 398 554 id
446 502 541 555 est
580 493 1093 575 transgluttienda,
1139 494 1296 574 dato,
1344 512 1526 573 super
1563 511 1715 574 quae
1752 501 1878 554 tres
1914 512 2104 573 aquae
2142 493 2371 555 calidae

339 583 584 663 cyathos
627 583 919 662 potandos
965 583 1211 663 adicit03
1263 583 1379 643 hoc
1434 583 1699 643 remedio
1745 591 2040 643 nocturna
2085 584 2243 644 tussi
2287 582 2372 644 la-

231 684 300 734 28
340 672 649 733 borantem
685 675 806 734 cito
833 671 1132 733 liberabis.
1183 669 1517 732 ventriculi
1542 671 1850 750 gallinacei
1879 670 2373 748 membranulam,

338 779 455 840 qua
510 760 722 822 sordes
776 759 1097 842 aqualiculi
1150 762 1560 839 continentur,
1616 760 1936 821 arefactam
1990 762 2173 821 terito
2237 760 2372 821 dili-
2401 780 2430 821 ⁶

337 859 548 928 genter
593 858 657 911 et
700 868 836 911 cum
883 852 1021 910 vino
1065 851 1238 929 potui
1288 849 1455 929 dato,
1508 848 1772 909 umidam
1827 856 2057 910 tussem
2112 847 2373 911 sedabis,

231 956 298 1004 29
515 938 768 999 Tussem
823 940 1092 1018 quamvis
1145 956 1385 1018 gravem
1443 940 1733 998 maiorum
1789 945 1934 998 natu
1988 940 2147 999 intra
2193 940 2372 1017 quin-

341 1046 456 1107 que
503 1027 650 1107 dies,
694 1027 1078 1107 parvulorum
1125 1028 1307 1088 etiam
1351 1029 1508 1087 intra
1551 1025 1820 1088 triduum
1863 1034 2051 1109 sanat,
2096 1029 2203 1106 qui
2249 1027 2374 1087 sul·

337 1118 508 1195 puris
555 1118 709 1197 triti,
759 1123 1050 1195 quantum
1104 1114 1301 1177 tribus
1355 1116 1559 1195 digitis
1604 1133 1818 1194 capere
1863 1122 2092 1195 potest,
2143 1118 2207 1175 in
2256 1134 2374 1176 ovo

340 1206 662 1265 semicocto
701 1203 910 1265 sorbili
945 1222 1055 1284 per
1091 1204 1360 1265 triduum
1396 1206 1600 1266 ieiuno
1637 1212 1741 1264 aut
1781 1221 1890 1283 per
1931 1206 2195 1284 quinque
2238 1204 2373 1265 dies
2403 1222 2457 1261 ιο

232 1310 302 1359 3ο
340 1292 588 1354 dederit.
658 1292 1013 1373 Hyoscyami
1049 1325 1132 1336 —
1163 1291 1207 1371 1,
1245 1292 1510 1371 sulpuris
1548 1295 1933 1373 semunciam,
1978 1292 2132 1353 fellis
2169 1300 2375 1355 terrae

344 1414 419 1426 —
455 1380 500 1462 1,
534 1383 762 1460 piperis
804 1414 880 1426 ——
914 1382 958 1462 Ι,
1005 1383 1317 1460 gentianae
1353 1413 1441 1425 —-
1469 1382 1513 1462 Ι,
1560 1383 1684 1461 opii
1720 1374 1802 1469 ,9-
1830 1380 1875 1461 1,
1911 1381 2182 1442 marrubi
2212 1414 2291 1425 —
2328 1381 2374 1462 1,

338 1469 531 1532 mellis
578 1470 915 1549 despumati
961 1478 1247 1550 quantum
1297 1470 1554 1531 sufficiat
1600 1488 1781 1549 supra
1827 1471 2004 1531 dictis
2052 1469 2375 1550 speciebus

338 1562 496 1620 tritis
552 1558 950 1640 cribratisque
1009 1558 1291 1620 miscebis
1346 1578 1414 1620 ac
1468 1558 1679 1619 leviter
1736 1558 2065 1640 decoques;
2119 1558 2260 1619 inde
2320 1561 2375 1620 si

339 1651 474 1728 quis
529 1651 684 1709 tussi
737 1650 996 1727 graviter
1051 1646 1520 1729 conflictabitur,
1583 1647 1884 1727 pastillum
1941 1647 2013 1707 ad
2073 1649 2374 1726 magnitu-
2403 1665 2454 1707 15

339 1737 539 1797 dinem
576 1736 743 1798 fabae
779 1740 1018 1799 ieiunus
1056 1755 1228 1797 mane
1264 1737 1500 1797 hauriat
1546 1746 1604 1798 et
1650 1738 1714 1796 in
1751 1743 1989 1797 noctem
2027 1755 2164 1796 cum
2202 1736 2375 1797 calda

338 1843 492 1904 aqua
546 1826 725 1886 alium
780 1825 1083 1904 pastillum
1139 1825 1330 1906 bibat3
1388 1824 1610 1885 bonum
1662 1824 1831 1885 valde
1877 1832 1939 1885 et
1984 1825 2131 1886 utile
2178 1843 2372 1886 reme-

339 1913 501 1975 dium
548 1916 909 1993 experietur.

233 2016 300 2065 31
518 2003 729 2065 Scillae
778 2003 1025 2064 bulbum
1073 2021 1261 2064 unum
1307 2011 1627 2082 purgatum
1675 2000 1870 2062 tribus
1916 2001 2254 2064 fervoribus
2305 2004 2371 2063 in

338 2088 491 2170 aqua
537 2091 837 2171 decoques
893 2100 954 2152 et
1007 2110 1080 2151 ex
1136 2110 1207 2151 eo
1265 2091 1423 2170 quod
1479 2092 1663 2151 fuerit
1708 2091 2101 2151 tenerrimum
2147 2109 2372 2172 sumeS,
2401 2109 2452 2149 2⁰

340 2179 398 2238 id
446 2186 539 2239 est
589 2211 666 2223 —
725 2178 859 2261 1111,
914 2181 1156 2258 panacis
1212 2187 1272 2240 et
1327 2181 1435 2241 iris
1486 2179 1753 2259 illyricae
1809 2176 1971 2257 drag.
2027 2186 2369 2260 quaternaS,

339 2269 691 2328 ammoniaci
733 2299 807 2310 —
840 2267 912 2329 11.
977 2267 1137 2329 Haec
1183 2270 1379 2329 omnia
1418 2268 1734 2347 diligenter
1771 2275 1950 2349 teres,
1998 2268 2101 2328 sed
2142 2268 2369 2330 scillam

340 2373 612 2416 seorsum
658 2354 1032 2438 confricabiS,
1070 2365 1198 2417 tum
1235 2358 1431 2418 omnia
1470 2357 1802 2419 confundes
1839 2365 1899 2417 et
1926 2356 2120 2417 mellis
2156 2360 2371 2437 optimi

339 2444 673 2523 despumati
719 2445 791 2505 ad
839 2444 1233 2525 colligendum
1281 2448 1343 2507 in
1390 2463 1577 2506 unum
1625 2446 1991 2507 medicamen
2041 2446 2201 2525 quod
2244 2447 2368 2508 suf-

339 2533 500 2594 ficiat
546 2535 747 2594 mittes
791 2543 968 2614 atque
1016 2535 1153 2595 inde
1199 2534 1493 2595 laboranti
1539 2552 1644 2613 per
1692 2534 1959 2595 cocleare
2004 2533 2100 2594 bis
2136 2535 2229 2595 vel
2266 2544 2362 2596 ter
2390 2550 2444 2592 25

339 2621 551 2682 diebus
598 2622 847 2700 singulis
893 2623 1087 2701 dabis3
1134 2626 1292 2684 intra
1338 2624 1467 2684 dies
1513 2631 1743 2702 septem
1791 2625 1966 2684 etiam
2016 2626 2369 2702 sanguinem

340 2718 718 2771 excreantem
763 2719 825 2772 et
871 2713 1359 2773 vetustae‘tussis
1404 2712 1673 2772 molestia
1719 2711 2026 2791 liberabis,
2073 2712 2217 2773 dum
2264 2722 2371 2773 aut

339 2799 620 2860 deorsum
667 2808 957 2879 purgatur
1003 2809 1105 2860 aut
1149 2819 1260 2880 per
1306 2802 1593 2861 vomitum
1649 2802 1898 2879 pituitae
1943 2803 2199 2862 interius
2244 2801 2367 2861 col-

233 2900 302 2949 32
339 2887 527 2948 lectae
581 2906 756 2950 umor
809 2889 1151 2951 effunditur.
1233 2888 1397 2950 Folia
1442 2889 1613 2969 ulmi,
1663 2907 1813 2968 quae
1859 2891 2151 2950 orientem
2198 2908 2369 2969 spec-
2545 2952 2546 2969 ἶ

339 2984 483 3056 tant,
530 2995 668 3037 cum
714 2979 938 3056 piperis
983 2980 1183 3057 granis
1228 2978 1495 3059 totidem,
1542 2977 1646 3038 sed
1684 2980 1897 3057 impari
1933 2996 2186 3057 numero
2224 2981 2368 3039 trita
2395 2995 2448 3035 so

339 3073 400 3125 et
437 3082 574 3125 eum
612 3064 861 3126 Falerno
900 3069 1035 3128 vino
1073 3086 1106 3127 a
1142 3069 1343 3128 ieiuno
1383 3075 1614 3146 sumpta
1646 3070 1821 3127 etiam
1849 3066 2202 3146 purulentas
2239 3076 2368 3128 tus—

230 3166 300 3216 33
340 3170 436 3213 ses
465 3162 742 3233 potenter
770 3156 1102 3216 emendant.
1164 3154 1316 3216 Salis
1353 3163 1639 3235 quantum
1676 3157 1833 3216 intra
1875 3155 2127 3235 palmam
2155 3164 2369 3217 tenere

338 3249 536 3321 potest
572 3244 677 3322 qui
714 3246 928 3304 tussiet
963 3247 1025 3304 in
1063 3247 1367 3323 potionem
1405 3262 1680 3304 cervesae
1721 3254 1823 3305 aut
1851 3247 2043 3305 curmi
2072 3245 2273 3306 mittat
2308 3255 2370 3306 et

339 3331 595 3393 calidum
633 3331 810 3414 bibat,
848 3351 985 3394 cum
1024 3334 1347 3394 dormitum
1384 3333 1563 3413 vadit,
1598 3351 1792 3412 neque
1822 3343 2029 3412 postea
2066 3333 2367 3413 loquatur,

480 3545 514 3593 4
550 3539 833 3595 liberauis.
955 3546 1019 3594 17
1059 3540 1228 3612 aqua]
1270 3556 1453 3608 quam.
1572 3545 1640 3594 27
1679 3539 1963 3594 liberauis.
2073 3544 2143 3594 33
2189 3540 2369 3596 cerui·

339 3625 434 3664 sae
475 3609 792 3667 Carnarius.
929 3610 999 3669 34
1034 3613 1313 3680 loquetur.
