2575 4092
1022 250 1458 316 „87-

210 415 301 476 Ad
341 414 634 495 eicienda,
672 431 825 494 quae
864 432 1007 474 casu
1044 413 1284 474 oculum
1319 415 1690 495 intraverint,
1726 413 1970 476 herbam
2010 419 2361 480 artemi-169

213 508 365 565 siam
405 504 591 565 velles
629 502 919 564 radicitus
952 512 1013 563 et
1039 503 1178 563 inde
1210 521 1492 563 coronam
1522 503 1734 564 factam
1765 506 1944 582 capiti
1975 506 2254 587 inpones3

215 593 320 655 sed
369 594 444 675 is,
491 595 591 654 cui
638 591 995 654 medendum
1044 593 1185 674 erit,
1232 590 1376 653 dum
1424 610 1702 652 coronam
1748 592 1906 654 illam
1951 594 2014 654 in
2061 597 2253 673 capite

213 682 416 763 babet,
466 690 754 761 quantum
791 681 926 741 fieri
960 688 1176 762 potest,
1212 679 1418 741 oculos
1455 689 1694 759 apertos
1731 680 1958 743 babeat.
2033 682 2245 762 Digitis
2260 697 2360 747 170

160 791 186 830 5
217 774 488 852 quinque
545 788 757 832 manus
812 770 1107 850 eiusdem,
1173 772 1348 830 cuius
1405 771 1595 849 partis
1650 770 1890 832 oculum
1955 771 2254 833 sordicula

216 861 418 940 aliqua
473 860 656 921 fuerit
708 861 1006 939 ingressa,
1061 877 1426 937 percurrens
1482 866 1543 919 et
1594 868 1968 938 pertractans
2014 861 2254 923 oculum

215 957 311 1011 ter
361 949 554 1010 dices:
600 956 809 1009 tetunc
856 966 1106 1008 resonco
1153 946 1376 1026 bregan
1420 965 1646 1030 gressu,
1691 956 1786 1009 ter
1823 948 2035 1010 deinde
2074 968 2253 1029 spues

216 1048 436 1118 terque
480 1038 675 1099 facies.
751 1037 900 1098 Item
935 1039 1067 1116 ipso
1105 1035 1281 1098 oculo
1312 1035 1531 1118 clauso,
1569 1039 1672 1115 qui
1710 1039 2074 1100 carminatus
2110 1041 2244 1120 erit,
2259 1053 2351 1103 171

216 1134 526 1206 patentem
580 1124 932 1205 perfricabis
988 1133 1049 1186 et
1103 1132 1197 1187 ter
1246 1144 1484 1187 carmen
1533 1125 1646 1187 hoc
1707 1126 1871 1188 dices
1927 1134 1988 1188 et
2034 1130 2254 1189 totiens

137 1234 189 1273 10
217 1234 431 1295 spues:
479 1217 540 1276 in
586 1233 727 1276 mon
773 1215 1191 1276 dercomarcos
1236 1216 1530 1296 axatison3
1578 1218 1728 1277 scito
1770 1216 2101 1278 remedium
2138 1216 2282 1278 boc·

215 1308 279 1366 in
327 1304 674 1365 huiusmodi
720 1303 957 1365 casibus
1005 1322 1135 1365 esse
1184 1304 1519 1367 mirificum.
1592 1304 1655 1366 Si
1701 1308 1882 1367 arista
1927 1306 2020 1367 vel
2066 1319 2358 1386 quae-172

218 1394 371 1455 libet
417 1393 715 1454 sordicula
762 1392 1000 1454 oculum
1048 1393 1232 1453 fuerit
1274 1394 1571 1476 ingressa,
1631 1393 1870 1456 occluso
1918 1394 2032 1456 alio
2079 1394 2253 1456 oculo

216 1485 475 1562 ipsoque
522 1485 625 1561 qui
671 1481 834 1542 dolet
878 1482 1170 1560 patefacto
1218 1490 1280 1542 et
1320 1482 1524 1560 digitis
1562 1483 1897 1545 medicinali
1934 1502 2002 1544 ac
2039 1483 2252 1562 pollice

216 1571 433 1633 leviter
478 1578 841 1650 pertractato
878 1577 972 1631 ter
1008 1589 1118 1649 per
1155 1569 1387 1649 singula
1426 1571 1725 1649 despuens
1763 1572 1954 1633 dices:
2000 1571 2082 1633 Os
2120 1590 2252 1650 gor-

135 1681 188 1721 15
217 1663 394 1739 gonis
440 1659 632 1741 basi03
678 1659 794 1720 hoc
839 1659 997 1720 idem
1039 1677 1278 1720 carmen
1318 1662 1368 1720 si
1406 1667 1500 1720 ter
1537 1662 1742 1721 novies
1778 1659 2028 1740 dicatur,
2076 1663 2252 1721 etiam

219 1750 296 1811 de
346 1748 617 1810 faucibus
662 1748 923 1809 hominis
969 1747 1063 1809 vel
1106 1750 1359 1809 iumenti
1406 1766 1474 1809 os
1511 1755 1614 1809 aut
1651 1751 1702 1809 si
1739 1748 1883 1828 quid
1921 1749 2078 1810 aliud
2117 1748 2253 1809 bae·

219 1840 371 1900 serit
422 1846 701 1917 potenter
757 1838 979 1898 eximit.
1071 1836 1364 1917 Leporem
1423 1839 1719 1898 marinum
1775 1838 1868 1898 vel
1923 1840 2054 1900 eius
2113 1856 2242 1899 san-
2257 1854 2358 1904 173

219 1930 464 2007 guinem
519 1945 659 1988 cum
714 1926 843 1986 oleo
897 1934 1026 1987 tere
1082 1934 1261 2006 atque
1318 1945 1390 1987 ex
1447 1944 1517 1987 eo
1574 1927 1878 1988 vulsorum
1932 1927 2007 1988 de
2055 1927 2247 1988 oculis

217 2017 479 2098 pilorum
533 2017 663 2077 loca
720 2015 1068 2095 frequenter
1120 2033 1418 2097 perunge-3
1471 2023 1609 2095 post
1663 2016 1822 2095 quod
1879 2025 1939 2078 et
1985 2017 2039 2077 si
2083 2034 2253 2077 rena-

134 2126 191 2167 so
223 2113 470 2167 scentur
515 2104 638 2186 pili,
684 2104 987 2165 molliores
1035 2112 1239 2186 erunt3
1287 2104 1506 2184 quibus
1548 2107 1766 2166 iterum
1805 2105 2025 2167 evulsis
2072 2124 2252 2186 supra

220 2196 449 2256 dictum
503 2194 871 2255 medicamen
926 2193 1222 2274 inducito,
1285 2202 1415 2254 tum
1469 2212 1611 2255 vero
1665 2213 1786 2256 non
1841 2202 2249 2256 renascentur.

223 2284 288 2344 Si
341 2291 539 2344 autem
596 2285 772 2344 etiam
820 2282 1093 2343 lacrimas
1141 2282 1301 2343 oculi
1346 2282 1714 2345 destillantes
1761 2283 2007 2345 adsidue
2055 2287 2240 2345 vitare
2257 2296 2358 2346 174

219 2375 331 2451 viS,
375 2372 659 2433 hederam
706 2381 764 2432 et
802 2373 984 2433 vitem
1020 2379 1260 2433 exustas
1294 2380 1354 2432 et
1390 2375 1453 2432 in
1491 2371 1794 2452 pulverem
1831 2374 2250 2435 tenuissimum

221 2461 493 2522 redactas
555 2463 689 2540 pari
741 2478 1022 2521 mensura
1078 2479 1214 2522 cum
1271 2479 1454 2540 supra
1518 2462 1759 2540 scriptis
1821 2464 2117 2540 permisce
2177 2461 2252 2522 ad

134 2569 193 2610 25
220 2550 670 2629 spissitudinem
713 2548 905 2610 mellis
950 2557 1128 2628 atque
1174 2549 1315 2610 inde
1362 2549 1628 2611 inducito
1665 2549 1758 2610 vel
1796 2551 2097 2631 superline
2137 2551 2251 2611 sre-

223 2647 477 2719 quenter
533 2638 737 2699 oculos
793 2647 855 2699 et
910 2638 1222 2699 confestim
1280 2638 1503 2700 defluet
1559 2658 1732 2700 umor
1788 2641 2001 2701 noxius
2048 2648 2108 2700 et
2153 2639 2252 2699 ad-

222 2746 460 2789 versum
498 2727 698 2788 vulsos
725 2726 1143 2807 palpebrarum
1171 2727 1326 2807 pilos
1354 2728 1640 2807 proderit.
1708 2727 1773 2788 Si
1810 2728 1945 2789 felle
1981 2728 2241 2808 hyaenae
2256 2738 2357 2788 175

220 2816 379 2898 loca,
438 2816 656 2896 quibus
710 2815 947 2877 molesti
993 2824 1135 2877 sunt
1179 2815 1286 2896 pili
1331 2818 1394 2877 in
1441 2816 1743 2896 palpebris
1799 2820 1951 2897 nati,
2004 2816 2250 2878 adsidue

221 2913 556 2986 tangantur,
594 2905 906 2967 confestim
944 2904 1279 2986 tabescent3
1322 2916 1485 2967 certe
1527 2908 1579 2966 si
1615 2908 1785 2984 prius
1822 2905 2007 2966 vulsis
2044 2924 2249 2985 super-

139 3016 195 3056 so
226 2995 496 3076 ducatur,
543 3014 663 3055 non
709 3003 1116 3055 renascentur.
1199 2993 1359 3054 Pilos
1401 2994 1590 3055 oculis
1637 2993 1921 3055 molestos
1967 2997 2020 3055 si
2064 2997 2355 3056 cuir-176

221 3103 365 3164 pare
420 3087 660 3164 penitus
715 3083 1002 3164 volueris3
1056 3083 1184 3144 loca
1240 3101 1476 3164 eorum,
1532 3102 1668 3144 cum
1720 3085 1890 3163 prius
1945 3084 2250 3163 evulseris,

222 3192 399 3234 ranae
446 3176 707 3234 marinae
757 3172 891 3233 felle
940 3174 1244 3253 continge3
1303 3172 1460 3251 quod
1518 3174 1570 3233 si
1616 3171 1695 3232 fel
1746 3175 1876 3234 eius
1921 3176 2247 3252 repositum

223 3264 466 3342 aruerit,
508 3280 719 3341 aquam
753 3263 1039 3321 marinam
1069 3264 1125 3322 ei
1152 3261 1385 3322 modice
1416 3261 1692 3323 admisce.
1755 3261 1819 3322 Si
1857 3265 1952 3323 cui
1982 3262 2242 3323 volueris
2256 3273 2353 3323 177

224 3352 371 3430 pilos
418 3350 621 3411 vulsos
666 3368 787 3411 non
836 3348 1026 3411 solum
1073 3352 1133 3411 in
1183 3350 1391 3432 oculiS,
1439 3348 1542 3411 sed
1587 3353 1765 3412 etiam
1801 3352 1862 3410 in
1901 3350 2048 3411 locis
2086 3368 2248 3410 vere-

364 3564 394 3613 1
436 3575 473 3613 a
507 3557 686 3612 verbis
721 3556 792 3612 ad
831 3556 1085 3613 eicienda
1120 3559 1290 3612 codex
1323 3572 1520 3613 rursus
1554 3557 1772 3626 incipit.
1918 3552 2248 3612 eiciendum.

227 3634 290 3683 14
323 3630 614 3699 pertracto
776 3634 845 3684 30
881 3628 1342 3698 superducantur.
