2575 4092
1144 217 1581 281 ...45-

345 389 404 441 et
461 380 725 459 adposita
782 379 1073 442 medetur.
1155 378 1320 439 Idem
1373 385 1635 457 praestat
1682 379 1870 439 farina
1916 378 2110 458 lupini
2154 382 2434 467 incoctix

238 481 306 533 63
344 478 405 529 et
460 470 587 529 sine
644 470 867 530 cortice
915 469 1186 547 inspersa
1232 486 1369 528 cum
1418 470 1570 527 vino.
1661 467 1751 527 Ad
1796 470 2133 547 porrigines
2180 468 2377 529 deter-

344 557 565 636 gendas
604 564 770 618 rutae
809 556 1160 619 fasciculum
1199 564 1259 617 et
1297 556 1550 635 sulphur
1589 558 1784 616 vivum
1823 574 1958 617 cum
1997 558 2133 617 vino
2174 566 2377 618 vetere

344 645 520 707 simul
568 646 833 726 decoque
881 654 942 707 et
989 654 1168 725 caput
1214 664 1287 705 ex
1335 663 1405 705 eo
1452 647 1514 705 in
1562 644 1773 704 balneo
1810 645 1952 724 lava,
2000 653 2136 706 ante
2175 653 2379 707 tamen

237 747 306 798 64
344 754 493 815 aqua
541 735 757 816 tepida,
804 737 961 796 sicut
1005 741 1098 795 est
1144 733 1615 814 consuetudiniS,
1663 733 1812 794 elue.
1891 733 1980 794 Ad
2026 734 2272 813 papulas
2310 738 2372 795 in
2401 752 2431 792 5

298 886 305 895 ,
343 827 535 904 capite
584 825 1039 884 effervescentes
1088 823 1177 883 vel
1223 822 1485 901 qualibet
1531 829 1699 901 parte
1751 825 2041 903 corporis,
2088 825 2263 883 etiam
2303 824 2376 883 ad

343 916 539 992 ignem
589 931 822 973 sacrum
871 912 1023 973 bene
1071 913 1209 972 facit
1255 912 1370 972 hoc
1419 911 1945 972 medicamentum:
1999 911 2189 972 Rutae
2236 914 2374 972 viri·
2563 956 2564 977 η

342 1002 434 1063 dis
470 1001 533 1062 P.
572 1000 642 1082 11,
682 1019 925 1080 spumae
964 1003 1192 1079 argenti
1229 999 1293 1061 P.
1322 999 1348 1059 I
1379 999 1436 1080 S,
1476 1002 1627 1060 aceti
1666 997 1728 1060 θ
1758 999 1801 1082 1,
1839 999 1956 1060 olei
1993 1000 2198 1061 viridis
2237 998 2300 1060 θ
2331 1000 2373 1061 Ι.
2563 996 2564 1081 l

343 1089 490 1151 Cum
539 1092 689 1151 aceti
733 1098 900 1169 parte
940 1107 1148 1168 spuma
1188 1096 1249 1149 et
1283 1096 1420 1149 ruta
1459 1097 1753 1169 teruntur,
1802 1089 1990 1149 donec
2028 1089 2176 1150 levia
2212 1090 2373 1150 fiant.

340 1178 551 1239 Postea
599 1178 758 1257 quod
806 1184 1082 1257 superest
1128 1179 1283 1238 aceti
1328 1178 1591 1238 vicissim
1639 1196 1776 1238 cnm
1814 1176 1945 1238 oleo
1984 1178 2242 1239 adicitur
2278 1178 2369 1238 vel
2398 1197 2456 1236 1o

342 1267 796 1345 superfunditur
841 1265 1246 1347 medicamini,
1296 1266 1437 1326 dum
1485 1268 1729 1348 teritur,
1777 1275 1838 1327 et
1883 1285 2018 1328 cum
2065 1266 2218 1327 bene
2266 1268 2374 1327 tri·

345 1365 470 1416 tum
519 1363 580 1416 et
624 1357 984 1432 permixtum
1033 1355 1232 1435 fuerit,
1279 1362 1408 1416 tum
1450 1357 1758 1435 inponitur
1805 1356 1951 1416 locis
1999 1357 2370 1416 necessariis.
2439 1355 2443 1359 ’

236 1456 304 1507 65
343 1443 430 1504 Ad
486 1442 855 1523 pedunculos
910 1444 1209 1504 necandos
1264 1443 1378 1505 hoc
1433 1442 1824 1505 medicamine
1870 1447 2086 1505 uteris:
2160 1443 2370 1505 Oleum

344 1551 482 1594 cum
538 1532 779 1612 pulvere
837 1534 1056 1593 cineris
1113 1532 1434 1594 cuiuslibet
1489 1532 1562 1593 de
1621 1534 1779 1612 foco,
1836 1533 1941 1593 sed
1997 1533 2149 1593 bene
2202 1535 2368 1612 creti,

338 1624 564 1701 pariter
591 1621 870 1683 miscebis
909 1632 970 1682 et
1005 1625 1085 1682 ita
1123 1629 1302 1701 tereS,
1339 1628 1408 1682 ut
1446 1623 1525 1682 sit
1561 1622 1633 1681 ad
1671 1621 2120 1701 spissitudinem
2155 1621 2365 1701 melliS,
2395 1640 2449 1681 15
2563 1646 2564 1653 ¹

232 1724 300 1773 66
338 1719 515 1790 atque
562 1711 700 1772 inde
749 1729 884 1771 cum
932 1729 1085 1790 opus
1130 1712 1330 1792 fuerit,
1378 1718 1557 1790 caput
1606 1729 1781 1790 unge.
1863 1710 1952 1771 Ad
1998 1709 2365 1789 pedunculos

336 1802 398 1860 in
456 1803 618 1861 omni
673 1809 840 1880 parte
898 1803 1166 1880 corporis
1232 1799 1530 1861 necandos
1596 1799 1804 1860 efficax
1863 1799 1975 1860 hoc
2034 1799 2363 1860 remedium

337 1898 455 1952 est:
527 1888 790 1950 Ellebori
837 1889 1055 1969 radicis
1102 1890 1305 1969 uncia,
1362 1888 1666 1967 staphidos
1713 1890 1908 1967 agriae
1955 1890 2131 1949 uncia
2188 1886 2364 1948 simul

337 1981 476 2039 trita
531 1979 880 2056 adiectoque
938 1977 1065 2037 oleo
1124 1984 1317 2037 totum
1376 1995 1596 2056 corpus
1642 1978 2029 2058 perunguito,
2078 1979 2256 2037 etiam
2302 1979 2362 2036 in

230 2078 296 2127 67
338 2068 558 2126 tunicis
605 2065 994 2126 necabuntur.
1077 2065 1235 2126 Nitri
1279 2066 1661 2126 Alexandrini
1711 2074 1771 2127 et
1817 2065 2119 2145 staphidos
2166 2067 2362 2144 agriae
2391 2083 2444 2124 20

340 2154 581 2232 aequale
627 2153 890 2234 ponduS,
944 2154 1273 2233 aphronitri
1331 2173 1566 2233 quoque
1624 2154 1877 2233 aliquam
1923 2157 2260 2233 portionem
2305 2162 2365 2214 et

338 2241 642 2321 sulphuris
698 2244 816 2302 vivi
869 2242 1218 2321 particulam
1276 2243 1453 2303 simul
1508 2247 1685 2304 terito
1740 2262 1808 2304 ac
1864 2243 2093 2304 decimo
2151 2243 2246 2303 die
2301 2245 2362 2303 in

231 2344 298 2393 68
337 2331 548 2392 balneo
596 2350 815 2410 corpus
854 2333 1090 2394 fricato:
1137 2350 1345 2392 omnes
1391 2332 1759 2411 pedunculos
1796 2331 2055 2393 necabis,
2132 2331 2362 2412 Serum,

335 2421 392 2481 id
451 2428 543 2482 est
598 2439 809 2501 aquam
865 2420 1062 2501 lactiS,
1118 2439 1269 2501 quae
1325 2429 1594 2482 remanet
1650 2423 1803 2483 sacto
1862 2439 2063 2501 caseo,
2121 2423 2174 2482 si
2228 2422 2361 2499 quis

337 2511 567 2572 adiecto
615 2519 781 2571 aceto
828 2512 890 2571 in
937 2515 1178 2590 potione
1226 2510 1580 2589 aliquotiens
1630 2512 1977 2591 sumpserit,
2023 2512 2103 2570 ita
2150 2509 2359 2570 libera·
2388 2527 2440 2569 25

336 2607 436 2659 tur
483 2617 516 2659 a
562 2599 933 2679 pedunculiS‚
982 2609 1048 2660 ut
1093 2602 1333 2679 penitus
1380 2601 1754 2678 extirpentur
1792 2617 1903 2659 nec
1940 2607 2150 2677 postea
2185 2601 2249 2659 in
2289 2617 2359 2659 eo

229 2702 296 2751 70
335 2698 742 2750 renascantur.
840 2688 1078 2748 Cervini
1137 2705 1358 2748 cornus
1417 2687 1627 2748 scobes
1681 2688 1914 2749 limatae
1980 2696 2041 2749 et
2095 2706 2167 2748 ex
2225 2689 2358 2748 vino

332 2779 500 2856 potui
538 2777 705 2837 datae
735 2775 1104 2855 pedunculos
1134 2778 1196 2837 in
1225 2779 1416 2856 capite
1445 2776 1769 2857 lendesque
1797 2778 1960 2837 nasci
1990 2795 2108 2837 non
2138 2778 2359 2838 sinunt.

1210 2970 1368 3032 CAP.
1417 2970 1477 3032 V.

329 3085 436 3140 Ad
490 3083 728 3153 eapitis
781 3062 1093 3140 reumata.
1146 3086 1216 3140 et
1270 3083 1744 3153 purgationem
1799 3085 1870 3139 et
1923 3084 2014 3139 ad
2067 3071 2353 3152 pituitae

476 3176 545 3229 et
596 3172 1004 3242 phlegmatis
1060 3173 1543 3229 deductionem
1598 3174 1668 3228 et
1720 3171 2215 3228 restrictionem

1210 3261 1475 3319 catarri.

262 3411 290 3458 1
508 3399 596 3459 Ad
644 3416 868 3479 reuma,
915 3398 1074 3478 quod
1122 3398 1195 3459 de
1243 3400 1438 3477 capite
1485 3398 1811 3480 descendit,
1857 3398 2358 3459 medicamentum

329 3488 511 3548 facies
558 3487 700 3549 tale:
766 3487 925 3548 Nitri
978 3520 1050 3531 —-
1084 3485 1180 3567 vl,
1225 3487 1495 3566 pyrethri
1548 3520 1623 3529 -
1665 3486 1690 3547 Ι
1730 3486 1790 3561 S,
1836 3488 2109 3566 capparis
2166 3519 2238 3530 --
2284 3486 2357 3569 11,
2385 3504 2441 3545 so

334 3577 578 3637 struthii
630 3609 703 3620 -
750 3576 818 3637 ΙΙ.
897 3574 1058 3636 Haec
1106 3578 1322 3641 omnia.
1349 3584 1525 3638 tunsa
1571 3582 1631 3636 et
1676 3577 1739 3635 in
1779 3575 2087 3654 pulverem
2134 3577 2362 3637 tenuis-
