2575 4092
209 1313 279 1361 24

210 2018 275 2068 ‘25

208 2635 277 2684 26

209 2898 276 2948 27

209 3075 276 3125 28

207 3340 274 3389 29

1089 251 1565 316 -364-

315 418 395 477 ita
452 433 626 475 omne
685 417 883 475 vinum
940 423 1332 495 excoquatur,
1387 424 1457 474 ut
1510 414 1605 473 vix
1662 415 1957 473 sextarius
2013 421 2346 495 remaneat3

314 512 519 584 postea
567 503 785 563 adicies
832 521 1003 564 cerae
1051 503 1218 565 rufae
1271 537 1347 548 —
1391 500 1465 562 VI
1520 512 1581 562 et
1626 501 1773 562 dum
1817 502 2033 582 fervet,
2088 504 2345 580 coagita-

316 592 408 653 bis
456 599 515 652 et
562 591 859 653 sublatum
902 591 976 653 de
1013 593 1146 653 foco
1186 590 1551 652 medicamen
1589 590 1942 670 diutissime,
1989 590 2130 650 dum
2168 591 2345 651 refri-

316 689 577 760 geretur,
624 679 872 759 agitabis
918 688 979 741 et
1025 699 1160 743 cum
1207 697 1398 741 unum
1434 696 1654 757 corpus
1691 681 1820 740 eius
1857 679 2092 753 feceriS,
2139 680 2201 738 in
2241 679 2343 739 do-

316 767 516 829 liolum
573 771 829 829 vitreum
894 778 996 830 aut
1050 768 1326 848 pyxidem
1384 774 1686 847 stagneam
1742 767 2031 828 recondes
2085 774 2146 827 et
2200 785 2344 828 cum
2372 785 2403 826 5

317 876 466 937 opus
513 857 718 938 fuerit,
772 875 981 936 parum
1028 857 1438 919 medicaminis
1483 855 1645 936 loco,
1693 858 1796 935 qui
1851 855 2154 917 curandus
2206 858 2344 937 erit,

316 949 605 1024 impones,
655 946 758 1006 sed
807 946 907 1006 diu
948 945 1301 1025 perfricabis
1347 963 1415 1006 ac
1460 951 1667 1024 postea
1712 943 1894 1005 linteo
1939 943 2221 1024 involveS,
2270 963 2347 1005 ne

316 1033 661 1095 indumenta
698 1036 1115 1113 inquinentur3
1153 1034 1313 1114 quod
1353 1032 1683 1094 remedium
1721 1042 1858 1112 post
1893 1032 2167 1094 balneum
2205 1052 2345 1094 ner-

317 1126 405 1183 vis
460 1123 735 1183 relaxatis
789 1124 1239 1183 convenientius
1295 1122 1421 1202 fiet3
1483 1120 1587 1181 sed
1642 1124 1743 1183 cui
1797 1120 2153 1182 medendum
2209 1125 2348 1203 erit,

315 1212 637 1290 liquamine
685 1218 746 1270 et
792 1211 1036 1288 porcina
1083 1210 1383 1271 abstinere
1431 1209 1687 1270 debebit.
2376 1230 2434 1270 10

494 1297 802 1377 Decamyri
858 1299 1217 1360 calefactorii
1268 1298 1562 1360 confectio
1611 1297 1682 1358 ad
1729 1316 1944 1358 nervos
1990 1299 2347 1359 confirman-

318 1386 423 1447 dos
471 1396 532 1447 et
578 1386 934 1448 recreandos
976 1396 1111 1467 post
1148 1389 1427 1448 iniuriam
1466 1387 1702 1465 frigoris
1742 1396 1844 1447 aut
1881 1386 2137 1466 aliquam
2174 1405 2347 1448 vexa-

316 1478 540 1536 tionem
597 1477 711 1536 sic:
778 1475 1046 1536 Euforbii
1093 1509 1182 1520 —
1228 1475 1280 1554 1,
1337 1474 1605 1554 pyrethri
1650 1508 1740 1518 —
1783 1475 1835 1548 Ι,
1893 1493 2120 1554 myrrae
2176 1508 2252 1519 -
2303 1476 2348 1555 Ι,

316 1566 532 1625 amomi
574 1598 650 1607 —
686 1563 727 1644 1,
768 1564 892 1624 folii
931 1597 1014 1606 —
1044 1563 1087 1643 I,
1123 1567 1348 1643 piperis
1386 1595 1473 1607 —
1501 1563 1547 1643 Ι,
1583 1566 1832 1642 styracis
1873 1556 1951 1649 ,9⁶
1983 1562 2130 1644 VIII,
2168 1582 2349 1625 cerae

319 1645 397 1738 ,βα
437 1650 583 1732 VIII,
629 1652 800 1712 nardi
841 1644 919 1737 ,9ο
958 1651 1105 1731 VIII,
1151 1650 1515 1731 opobalsami
1556 1644 1636 1737 ,9ο
1674 1650 1818 1712 VIII.
1885 1652 1968 1712 De
2013 1652 2107 1712 his
2155 1656 2347 1714 omni-
2373 1674 2431 1714 ιε

316 1741 428 1801 bus
467 1743 663 1801 tunsis
702 1740 978 1823 cribratis
1014 1743 1403 1820 remissisque
1441 1740 1623 1801 facies
1665 1758 1839 1801 unam
1887 1741 2347 1821 conlectionem,

316 1846 492 1909 quam
538 1831 598 1888 in
646 1828 920 1908 pyxidem
967 1829 1220 1907 ligneam
1266 1836 1373 1890 aut
1421 1846 1699 1889 corneam
1745 1829 2037 1890 recondes
2095 1837 2159 1890 et
2205 1849 2346 1891 cum

316 1935 466 1996 opus
513 1917 710 1998 fuerit,
756 1919 963 1978 uteris.

493 2005 639 2065 Item
700 2006 773 2065 ad
830 2006 1033 2066 eadem
1091 2022 1343 2085 acopum
1399 2005 1472 2066 de
1529 2004 1845 2083 speciebus
1901 2024 2111 2067 novem
2161 2007 2348 2068 facies

317 2096 429 2154 sic:
493 2092 812 2155 Mastiches
871 2086 949 2179 ,9ο
991 2092 1091 2175 VI,
1149 2096 1401 2173 styracis
1450 2086 1528 2180 79·
1569 2092 1671 2173 Vl,
1728 2094 1897 2154 nardi
1953 2103 2014 2154 et
2059 2096 2347 2157 dictamni
2374 2114 2430 2155 ao

315 2182 693 2262 tantundem,
739 2181 855 2242 olei
899 2182 1105 2242 viridis
1154 2174 1232 2267 ,9ο
1273 2181 1408 2261 XX,
1463 2181 1576 2242 olei
1624 2181 1873 2261 phyllini
1921 2175 1999 2269 79·
2040 2182 2173 2264 XX,
2232 2184 2350 2245 olei

316 2271 558 2349 myrtini
597 2262 675 2355 ,9ο
715 2267 785 2350 X,
832 2287 1003 2329 cerae
1042 2303 1125 2321 -.-
1164 2269 1264 2350 IX,
1304 2269 1665 2350 opobalsami
1703 2262 1781 2356 79·
1824 2270 1911 2331 vl.
1985 2269 2145 2332 Haec
2186 2274 2349 2333 simi·

314 2357 452 2419 liter
490 2365 557 2417 ut
594 2374 773 2436 supra
806 2360 1028 2436 scripta
1066 2359 1349 2419 conficies
1388 2367 1449 2419 et
1476 2358 1767 2419 recondes
1795 2367 1855 2419 et
1884 2359 2159 2420 similiter
2186 2359 2348 2422 lenta

316 2454 375 2506 et
422 2444 608 2506 calida
653 2463 826 2506 manu
868 2447 1198 2524 perfricans
1236 2447 1307 2507 ad
1347 2446 1665 2526 placandos
1703 2465 1770 2508 ac
1807 2448 2172 2527 reparandos
2210 2468 2347 2510 ner-

315 2553 419 2595 vos
466 2536 671 2595 uteris,
2372 2554 2422 2597 25

496 2622 728 2702 Stirpes
766 2622 1061 2684 brassicae
1099 2642 1235 2684 cum
1264 2622 1564 2684 radicibus
1594 2625 1719 2684 suis
1748 2623 2082 2685 comburito
2112 2643 2345 2687 earum·

316 2730 432 2791 que
489 2712 751 2771 cinerem
808 2720 973 2772 aceto
1030 2714 1409 2791 conspargito
1461 2723 1521 2772 et
1567 2711 1794 2773 adiecta
1840 2719 2040 2773 vetere
2088 2718 2344 2794 axungia

315 2799 592 2879 subigito,
629 2799 687 2859 id
729 2798 1012 2878 malagma
1052 2802 1396 2878 impositum
1439 2818 1653 2861 nervos
1683 2800 2080 2862 valentissime
2111 2803 2342 2864 solidat.

496 2886 780 2958 Quercini
826 2888 968 2967 ligni
1009 2889 1307 2949 combusti
1353 2891 1614 2949 cinerem
1658 2891 1760 2967 qui
1806 2892 1940 2950 vino
1980 2897 2043 2950 et
2087 2890 2220 2952 oleo
2260 2891 2344 2953 di·

314 2975 494 3037 luerit
532 2975 885 3055 doloresque
916 2995 1233 3038 nervorum
1263 2996 1331 3037 ea
1359 2980 1641 3038 unctione
1669 2977 2071 3059 perfricuerit,
2110 2998 2341 3041 summa
2368 2997 2422 3038 so

316 3065 619 3125 celeritate
666 3064 988 3125 sanabitur.
1065 3064 1312 3126 Stercus
1358 3068 1666 3144 caprinum
1713 3065 1886 3126 melle
1934 3069 2187 3129 mixtum
2232 3072 2340 3130 im-

313 3156 693 3233 positumque
742 3161 1102 3232 suppuratus
1146 3172 1362 3214 nervos
1409 3153 1762 3233 expurgabit
1807 3163 1867 3215 et
1914 3156 1986 3216 ad
2026 3159 2341 3218 sanitatem

314 3260 505 3322 usque
556 3239 861 3319 perducet.
1343 3269 1350 3276 ·

494 3330 559 3389 Si
611 3332 673 3390 in
732 3328 948 3390 cubitis
1005 3339 1108 3391 aut
1162 3329 1430 3392 articulis
1486 3339 1589 3391 aut
1642 3349 2016 3412 quacumque
2068 3337 2339 3412 corporis

313 3426 482 3497 parte
539 3436 858 3479 nervorum
924 3421 1252 3479 contractio
1317 3419 1553 3480 dolores
1617 3418 1946 3500 exhibebit,
2011 3419 2339 3484 lumbricos
2362 3438 2415 3480 ss

313 3514 437 3565 tres
491 3513 763 3566 terrenos
820 3525 955 3568 cum
1009 3506 1181 3568 melle
1230 3510 1403 3568 tritos
1449 3508 1813 3587 malagmatis
1859 3508 2034 3569 modo
2081 3513 2340 3591 impone,

315 3609 548 3651 omnem
597 3592 861 3654 dolorem
907 3594 1133 3656 mollito
1179 3598 1378 3675 rigore
1425 3595 1676 3658 sedabis
