2575 4092
260 942 326 992 17

262 1560 329 1610 18

263 1825 328 1875 19

261 2266 331 2316 20

265 3150 335 3200 21

1139 232 1616 297 -370-

360 396 655 459 avellanae
713 394 1178 474 magnitudinem
1234 413 1307 455 ex
1362 394 1599 456 duobus
1657 395 1885 475 cyathis
1933 411 2119 473 aquae
2166 392 2393 453 calidae

363 485 550 567 dahis,
596 486 974 564 componitur
1020 486 1133 545 sic:
1190 484 1546 545 petroselini
1592 483 1903 545 drachmas
1950 483 2032 562 11,
2083 483 2395 542 centaurei

362 573 674 635 drachmas
721 571 800 654 11,
844 572 1134 633 marrubii
1188 572 1529 634 drachmam
1575 572 1628 652 1,
1685 572 1913 633 scordii
1959 571 2302 632 drachmam
2348 569 2391 630 l.

361 662 605 724 Tundes
650 662 795 722 haec
842 669 905 721 et
949 660 1241 722 cribrahis
1287 670 1351 722 et
1397 662 1461 722 in
1497 660 1804 741 pulverem
1842 662 2264 722 tenuissimum
2300 677 2393 719 re-

362 751 531 812 dacta
587 750 935 830 despumato
992 749 1164 810 melle
1219 749 1490 831 colligeS‚
1553 758 1622 811 ut
1687 752 1948 829 spissum
2004 751 2084 810 sit
2137 748 2394 808 medica·
2417 761 2441 802 5
2552 769 2553 774 ¹

364 846 652 920 mentum,
697 846 758 899 et
803 837 1110 899 recondes.

544 927 632 989 Ad
688 926 1009 1007 podagram
1065 926 1328 988 subitum
1386 935 1447 988 et
1492 926 1663 988 facile
1708 925 2040 988 remedium
2085 927 2201 986 sic:
2258 924 2393 985 Alu-

364 1034 533 1097 men‚
598 1022 863 1089 acetum,
929 1014 1137 1076 lotium
1202 1015 1527 1076 humanum
1591 1022 1760 1076 vetus
1824 1017 2031 1095 aequis
2094 1015 2395 1074 mensuris

365 1107 659 1184 permisce
716 1110 894 1182 atque
949 1102 1098 1164 adde
1155 1121 1328 1164 cerae
1374 1103 1436 1165 P.
1474 1103 1526 1186 1,
1582 1106 1705 1183 opii
1747 1136 1836 1147 -
1872 1103 1925 1185 Ι,
1979 1103 2149 1164 lactis
2196 1103 2395 1162 canini

368 1194 604 1255 unciam
642 1191 686 1274 1,
732 1209 902 1252 rosae
950 1193 1143 1252 siccae
1192 1195 1429 1254 unciam
1464 1192 1506 1253 l.
1586 1191 1802 1272 Opium
1850 1201 1909 1252 et
1953 1192 2044 1252 lac
2090 1199 2152 1252 et
2197 1208 2394 1251 rosam
2420 1206 2469 1246 ιο

366 1289 529 1342 teres
574 1283 637 1340 in
682 1281 967 1341 mortario
976 1326 994 1359 ‚
1040 1299 1240 1341 ceram
1287 1300 1430 1342 vero
1476 1282 1821 1361 liquefacies
1869 1288 1928 1341 et
1974 1279 2153 1341 simul
2199 1281 2395 1340 omnia

367 1368 757 1449 permiscehis
821 1375 1000 1448 atque
1053 1369 1191 1430 inde
1247 1369 1432 1449 pedes
1487 1369 1703 1431 inlines
1759 1378 1820 1430 et
1873 1368 2010 1430 folia
2064 1367 2241 1429 betae
2295 1376 2397 1428 aut

366 1457 634 1519 lactucae
681 1457 941 1536 desuper
986 1457 1270 1536 alligabis,

545 1545 634 1606 Ad
681 1545 975 1625 podagrae
1023 1545 1291 1607 subitum
1328 1546 1593 1607 dolorem
1630 1546 1961 1607 remedium
2000 1548 2113 1607 sic:
2160 1543 2396 1605 Calcem

368 1636 564 1697 denuo
602 1652 825 1714 coques
864 1641 927 1694 et
961 1641 1123 1695 teres
1159 1635 1499 1714 adiciesque
1537 1653 1822 1715 oesypum
1861 1644 1921 1696 et
1956 1652 2152 1695 rosam
2190 1635 2394 1694 tritam
2421 1649 2470 1689 15

368 1731 430 1784 et
474 1723 547 1784 de
594 1724 905 1802 permixtis
951 1723 1135 1802 pedes
1180 1742 1544 1803 perungue&

545 1809 775 1872 Phlomi
820 1814 1027 1872 uncias
1071 1818 1213 1892 treS‚
1258 1814 1507 1873 rumicis
1544 1814 1754 1873 uncias
1790 1819 1933 1893 treS‚
1980 1810 2150 1871 ibisci
2189 1812 2398 1870 uncias

368 1907 511 1980 treS‚
547 1899 889 1980 cyclaminis
927 1902 1134 1960 uncias
1171 1908 1313 1979 tres,
1350 1919 1584 1980 myrrae
1623 1909 1831 1961 tunsae
1870 1901 2104 1960 unciam
2137 1897 2179 1960 l.
2225 1898 2397 1958 Phlo-

369 2006 532 2049 mum
586 1988 773 2048 moles
828 1997 888 2049 et
935 1988 1125 2069 diceS‚
1182 1988 1462 2068 quamdiu
1518 1988 1732 2050 moles:
1789 1988 2096 2049 Summum
2147 1986 2396 2067 caelum,

368 2078 485 2137 ima
504 2084 683 2157 terra,
713 2076 972 2137 medium
1002 2077 1514 2139 medicamentum.
1553 2077 1778 2138 Deinde
1808 2076 1985 2138 simul
2004 2078 2201 2137 omnia
2227 2083 2394 2136 cocta
2421 2091 2469 2131 ιο

370 2163 591 2226 colabis
638 2175 698 2225 et
746 2184 818 2225 ex
864 2165 958 2225 his
1004 2166 1188 2244 pedes
1234 2185 1370 2228 cum
1418 2185 1569 2245 opus
1616 2166 1797 2228 fuerit
1847 2164 2216 2245 perfricahiS.

553 2252 640 2312 Ad
695 2252 1015 2331 podagram
1071 2255 1403 2316 remedium
1458 2255 1531 2315 de
1586 2257 1994 2334 experimento
2042 2256 2154 2315 sic:
2220 2253 2396 2332 Sper-

369 2342 620 2402 maticae
667 2340 977 2401 drachmas
1033 2351 1342 2423 quattuor,
1396 2343 1503 2403 lini
1557 2345 1803 2404 seminis
1860 2342 2173 2404 drachmas
2231 2350 2397 2421 quat-

370 2437 537 2509 tuor,
593 2447 808 2489 erucae
866 2433 1111 2493 seminis
1168 2432 1480 2493 drachmas
1536 2440 1843 2512 quattuor,
1898 2432 2143 2492 schoeni
2188 2429 2397 2490 drach-

372 2535 497 2578 mas
534 2516 616 2599 11,
676 2520 935 2579 castorei
980 2520 1290 2581 drachmas
1328 2519 1405 2601 11,
1463 2538 1695 2600 myrrae
1743 2520 2054 2581 drachmas
2091 2518 2170 2600 11,
2227 2517 2396 2579 nardi
2422 2534 2470 2576 25

373 2608 570 2685 spicae
618 2605 929 2668 drachmas
970 2607 1048 2691 11,
1104 2611 1362 2687 gummis
1407 2609 1741 2688 Aethiopici
1786 2608 2095 2669 drachmas
2133 2607 2211 2688 Π,
2260 2606 2398 2668 salis

374 2695 685 2756 drachmas
740 2694 820 2776 11,
884 2698 1108 2776 piperis
1168 2696 1331 2775 longi
1384 2697 1723 2758 drachmam
1780 2715 1984 2778 unam,
2047 2695 2397 2757 nucleorum

370 2786 687 2888 pineorum
725 2784 1036 2845 drachmas
1073 2784 1220 2865 VIII,
1268 2789 1562 2863 satureiae
1601 2786 1912 2847 drachmas
1949 2803 2177 2845 novem.
2240 2783 2396 2844 Haec

372 2875 569 2933 omnia
614 2881 790 2933 tunsa
836 2872 1095 2934 cribrata
1144 2881 1204 2934 et
1247 2876 1310 2934 in
1358 2874 1663 2954 pulverem
1702 2876 2122 2936 tenuissimum
2161 2872 2398 2933 redacta

371 2963 632 3040 tritaque
671 2963 731 3021 in
772 2979 957 3022 unum
994 2962 1383 3041 permiscehis
1422 2972 1481 3024 et
1519 2982 1590 3024 ex
1629 2981 1699 3022 eo
1738 2962 2079 3023 drachmam
2116 2980 2297 3023 unam
2323 2959 2396 3021 ad
2422 2978 2468 3018 so

373 3049 530 3109 diem
576 3051 778 3112 ieiuno
823 3052 885 3110 in
931 3054 1171 3129 potione
1220 3070 1292 3111 ex
1337 3053 1460 3112 vini
1506 3051 1717 3131 cyatho
1763 3059 2088 3131 temperata
2135 3050 2319 3111 dahis,

554 3136 835 3199 Sambuci
872 3138 1028 3219 folia,
1066 3158 1202 3201 cum
1240 3141 1498 3219 primum
1536 3140 1889 3219 procedunt,
1926 3139 1996 3200 ad
2034 3138 2247 3200 libram
2284 3136 2399 3199 col-

373 3226 521 3305 liges
568 3234 628 3286 et
675 3235 863 3307 tereS‚
917 3226 1272 3306 plantaginis
1321 3247 1557 3307 quoque
1603 3228 1865 3289 radicem
1911 3228 1983 3289 ad
2028 3227 2240 3288 libram
2284 3225 2396 3288 col-

374 3314 525 3394 liges
571 3321 631 3375 et
678 3316 1010 3376 contundes
1057 3324 1117 3377 et
1163 3319 1452 3395 axungiae
1498 3319 1718 3378 veteris
1764 3316 1975 3377 libram
2021 3314 2304 3394 purgabis
2341 3323 2399 3375 et

374 3402 704 3464 contundes
757 3411 818 3464 et
862 3412 1068 3483 postea
1106 3405 1283 3466 simul
1321 3408 1518 3466 omnia
1555 3405 1794 3485 subigas
1832 3414 2009 3484 atque
2047 3403 2185 3465 inde
2219 3404 2394 3484 pedes
2419 3418 2467 3459 35

373 3490 590 3551 inlines
636 3499 697 3552 et
736 3492 920 3553 caulis
959 3493 1166 3554 folium
1204 3512 1592 3573 superponeS,
1639 3494 1952 3555 confestim
1989 3511 2274 3573 praesens
2310 3510 2394 3552 re·

373 3577 639 3638 medium
686 3579 756 3640 ad
805 3580 1123 3641 sedandam
1169 3583 1489 3662 podagram
1536 3585 1864 3663 experiere.
