2575 4092
424 401 914 475 MARCELLI
972 402 1097 474 DE
1156 400 1894 476 MEDICAMENTIS
1954 401 2267 476 LIBER.

1215 526 1375 588 CAP.
1423 525 1465 588 1.

954 640 1063 696 Ad
1109 639 1348 710 capitis
1394 639 1722 696 dolorem.

255 772 284 819 1
501 757 589 818 Ad
628 759 840 836 capitis
877 756 1143 819 dolorem
1170 760 1349 819 etiam
1379 760 1442 818 in
1469 756 1626 818 febri
1651 758 1864 836 primis
1891 756 2105 819 diebus
2133 760 2358 819 incom-

324 846 485 908 modi
512 846 760 926 serpulli
786 878 875 890 ——
902 845 958 924 1,
996 864 1167 907 rosae
1197 846 1396 908 aridae
1431 878 1507 890 ——-
1531 845 1586 907 11
1609 848 2020 926 incoquuntur
2045 865 2185 907 cum
2213 847 2356 909 duo·

325 936 439 997 bus
477 937 750 997 sextariis
779 938 933 996 aceti
961 937 1254 1016 acerrimi,
1294 935 1483 997 donec
1512 935 1584 996 ad
1623 935 1897 997 dimidias
1932 935 2355 1014 perducantur.

324 1024 467 1086 Inde
523 1026 780 1085 sumitur
826 1023 1073 1104 cyathus
1121 1032 1181 1085 et
1227 1024 1462 1086 duobus
1508 1042 1679 1098 rosae
1726 1023 1954 1104 cyathis
2002 1024 2153 1085 bene
2198 1043 2355 1086 com·

323 1115 614 1175 miscetur
674 1113 1143 1192 frequenterque
1201 1121 1453 1174 curatur
1507 1132 1581 1174 ex
1637 1131 1708 1173 eo
1764 1120 1970 1194 caput3
2034 1113 2141 1174 ubi
2195 1115 2355 1175 enim
2380 1127 2407 1169 5

326 1202 575 1263 incaluit
630 1202 789 1280 quod
845 1201 1110 1262 infusum
1167 1212 1286 1282 est,
1351 1204 1470 1263 nisi
1524 1219 1735 1263 recens
1791 1202 2107 1283 adiciatur,
2159 1211 2356 1264 nocet.

257 1301 289 1351 2
327 1290 475 1351 Item
530 1290 776 1371 prodest
830 1290 1040 1351 eodem
1095 1291 1272 1351 modo
1327 1299 1464 1352 ruta
1515 1309 1624 1370 per
1670 1309 1734 1351 se
1779 1290 1875 1351 vel
1920 1309 2055 1352 cum
2102 1290 2356 1353 hederae

327 1379 492 1440 bacis
547 1379 792 1440 decocta
847 1387 909 1440 et
960 1381 1144 1458 capiti
1201 1379 1402 1458 tepide
1448 1379 1659 1441 infusa.
1742 1378 2072 1460 Polygonos
2118 1399 2356 1460 quoque

326 1468 538 1550 herba,
593 1486 743 1548 quae
797 1466 1005 1528 Latine
1063 1470 1441 1547 sanguinaria
1499 1469 1746 1548 dicitur,
1794 1476 1857 1529 et
1909 1476 2108 1530 menta
2151 1469 2356 1531 multis

328 1557 553 1636 profuit
607 1557 813 1618 eadem
868 1558 1099 1618 ratione
1154 1556 1401 1618 decocta
1459 1566 1520 1619 et
1565 1559 1747 1636 capiti
1790 1557 2004 1619 infusa.
2077 1557 2354 1619 Dolorem
2383 1573 2435 1613 ιο

329 1649 538 1726 capitis
596 1645 751 1707 levat
807 1645 1140 1726 sfondylion
1197 1654 1260 1707 et
1314 1647 1451 1724 agni
1508 1642 1711 1707 semen
1765 1653 1829 1707 et
1872 1646 2094 1725 platani
2138 1646 2355 1727 pilulae
2472 1694 2477 1699 .

328 1735 604 1796 similiter
658 1742 825 1797 aceto
879 1737 1149 1796 incoctae
1204 1753 1460 1815 rosaque
1518 1734 1741 1815 duplici
1786 1753 2065 1797 mensura
2111 1736 2357 1815 simplae

329 1827 483 1885 aceti
528 1826 872 1905 commixta,
928 1825 1107 1885 sicuti
1154 1832 1215 1885 et
1259 1824 1585 1904 polygonos
1641 1826 1920 1903 superius
1976 1824 2134 1886 dicta
2180 1824 2358 1887 debet

257 1924 290 1972 3
330 1915 608 1994 excoqui,
662 1913 725 1973 id
773 1920 866 1973 est
911 1931 980 1973 ea
1026 1930 1179 1991 quae
1226 1915 1603 1991 sanguinaria
1649 1913 1888 1975 dicitur.
1962 1913 2110 1975 Cum
2153 1922 2357 1976 autem

328 2001 602 2080 plurimis
648 2000 860 2062 diebus
892 2003 1182 2061 manserit
1220 2000 1390 2061 dolor
1425 2003 1656 2083 capitis,
1701 2008 1832 2064 tum
1863 2004 2134 2064 omnium
2174 2021 2356 2083 supra
2384 2016 2440 2057 16

328 2090 625 2150 dictorum
682 2097 917 2169 oportet
970 2091 1179 2150 uncias
1243 2090 1505 2169 singulas
1562 2093 1719 2151 sumi
1771 2091 1986 2172 hisque
2041 2092 2357 2154 admisceri

327 2177 481 2239 lauri
526 2177 835 2257 bacarum,
889 2180 1171 2259 castorei,
1224 2197 1448 2240 mcum
1495 2197 1855 2262 amararum,
1910 2179 2102 2259 pulei,
2151 2181 2358 2243 sabuci

328 2267 606 2328 foliorum
672 2269 879 2328 uncias
940 2266 1206 2345 singulas
1262 2275 1325 2329 et
1378 2270 1532 2329 aceti
1586 2272 1861 2330 sextariis
1915 2277 2200 2348 quattuor
2255 2271 2355 2332 de·

328 2374 589 2435 coquere
627 2355 698 2416 ad
737 2356 1008 2417 dimidias
1037 2365 1098 2416 et
1127 2355 1334 2418 eodem
1366 2358 1543 2418 modo
1572 2375 1708 2418 rosa
1735 2359 1992 2420 admixta
2020 2358 2357 2442 dupliciter,

254 2455 292 2503 4
330 2444 434 2506 sed
480 2463 600 2505 non
644 2455 766 2506 tam
814 2445 1160 2525 frequenter
1205 2453 1386 2525 caput
1431 2464 1660 2508 curare.
1733 2448 1822 2509 Ad
1870 2466 2107 2508 omnem
2143 2450 2356 2527 capitis
2384 2462 2442 2504 20

329 2533 592 2595 dolorem
656 2534 982 2595 efficaciter
1044 2534 1291 2613 prodest
1351 2535 1720 2596 medicamen
1785 2536 1930 2597 tale:
2001 2536 2357 2617 crocomag-

327 2624 503 2683 matis
542 2655 626 2665 —
665 2622 718 2704 I,
774 2622 1051 2684 aluminis
1107 2625 1281 2683 scissi
1336 2623 1428 2684 vel
1475 2624 1659 2704 gallae
1698 2657 1780 2669 —-
1821 2624 1872 2705 1,
1927 2625 2073 2686 haec
2120 2629 2237 2687 teni
2283 2645 2357 2688 ex

328 2714 453 2772 acri
500 2720 666 2773 aceto
710 2720 774 2773 et
818 2730 955 2773 rosa
1002 2711 1257 2790 duplicis
1295 2713 1576 2790 ponderis
1612 2715 1873 2776 vicissim
1911 2714 2140 2776 adiecta
2177 2733 2356 2795 opor-

328 2808 444 2883 tet,
499 2819 691 2880 usque
747 2800 886 2861 dum
943 2799 1136 2861 mellis
1189 2800 1447 2863 habeant
1496 2803 1945 2882 spissitudinem
1990 2811 2169 2883 atque
2214 2804 2355 2866 inde

252 2897 290 2947 5
328 2890 585 2951 frontem
625 2897 684 2950 et
722 2891 1023 2969 utrimque
1061 2897 1329 2969 tempora
1368 2890 1652 2952 oblinere.
1711 2892 1800 2954 Ad
1829 2894 2040 2972 capitis
2070 2892 2356 2975 dolorem,
2386 2908 2445 2950 25

328 2997 464 3039 cum
511 2980 946 3058 inveteraverit,
993 2978 1144 3039 bene
1191 2978 1333 3040 facit
1378 2979 1523 3040 haec
1566 2983 1924 3062 conpositio:
1968 2979 2200 3061 Myrrae
2231 2981 2357 3065 XI,

327 3069 489 3128 croci
528 3066 580 3127 X
616 3066 697 3149 11,
752 3067 1188 3147 amygdalarum
1234 3067 1287 3127 X
1324 3067 1406 3149 Π,
1461 3077 1631 3130 rutae
1687 3069 1895 3130 viridis
1943 3069 1994 3129 X
2031 3069 2137 3151 ΠΙ,
2195 3070 2354 3132 ston-

327 3155 470 3236 dylii
497 3164 559 3218 et
584 3157 826 3237 panacis
854 3154 906 3215 X
935 3155 1218 3238 singuloS,
1246 3155 1401 3217 lauri
1428 3156 1709 3219 bacarum
1738 3157 1790 3218 X
1808 3157 1906 3240 111,
1936 3158 2184 3239 serpulli
2211 3158 2357 3245 XII,

468 3333 503 3380 4
542 3328 756 3382 duobus
782 3343 945 3382 rosae
974 3325 1193 3397 cyathis
1223 3344 1322 3383 om.
1452 3345 1594 3399 pene
1625 3327 2038 3385 cummiscetur.
2186 3337 2215 3385 '7
2253 3348 2360 3401 per

326 3415 385 3453 se
414 3415 515 3454 om.
610 3403 677 3451 10
714 3397 905 3469 tepide
940 3405 1069 3454 ante
1108 3398 1295 3454 infusa
1334 3401 1462 3456 add.
1503 3400 1827 3456 Ceruaria-9.
1923 3406 1989 3454 11
2029 3400 2357 3459 sfondilion.

323 3470 551 3541 hyagni.
701 3474 766 3524 12
813 3487 944 3526 rosa
978 3486 1204 3540 quoque
1244 3469 1563 3528 Gornariua.
1693 3469 1912 3528 simbla..
2079 3478 2144 3527 13
2181 3473 2359 3529 dicto.

328 3546 395 3594 14
432 3557 738 3611 exquoqne.
886 3546 953 3595 17
989 3540 1248 3596 nuchum.
1397 3548 1465 3597 21
1497 3541 1912 3598 crocoacmatis.
2058 3549 2127 3598 27
2159 3560 2359 3615 amyg-

324 3611 581 3668 dalarum
615 3627 929 3667 amararum
968 3612 1288 3669 Gornarius.
