2575 4092
1121 231 1600 295 ...144—

235 406 305 455 29
345 396 633 455 venietur.
725 392 958 454 Herbae
1014 392 1468 473 proserpinalis,
1523 411 1674 472 qnae
1722 393 2085 453 draconteon
2132 392 2375 476 dicitur,

345 484 635 544 contritae
674 500 819 544 suco
856 483 1178 543 admisceto
1218 481 1433 543 salsam
1461 499 1671 562 aquam
1703 490 1762 542 et
1790 481 1907 542 olei
1941 499 2154 561 parum
2191 489 2375 562 atque

343 571 482 632 inde
527 571 790 656 linguam
837 580 898 632 et
944 589 1094 651 quae
1141 579 1283 632 sunt
1334 573 1492 632 circa
1546 570 1807 649 linguam
1863 580 1923 630 et
1978 570 2180 631 fauces
2235 588 2373 649 per-

237 671 306 721 30
344 662 574 741 fricato,
611 660 800 721 donec
829 668 1040 740 vomat,
1079 663 1177 721 cui
1215 659 1550 740 medebere,
1588 663 1708 721 cito
1737 659 2061 720 sanabitur.
2117 658 2372 720 Alumen

343 752 553 810 tritum
609 767 681 809 ex
734 767 915 828 posca
970 751 1400 827 gargarizatum
1457 750 1705 828 anginae
1763 747 2051 809 molestiis
2107 748 2373 826 prodest.
2406 768 2435 810 s

234 848 302 897 31
342 837 477 898 Lini
533 855 736 900 semen
794 845 853 898 et
909 837 1192 898 anethum
1247 855 1386 898 cum
1445 836 1566 898 sale
1623 847 1684 899 et
1737 836 1869 898 oleo
1926 847 1987 898 et
2041 845 2210 898 aceto
2270 837 2374 897 de·

234 937 304 986 32
344 933 579 988 coctum
634 926 786 988 bene
843 935 1050 988 contra
1096 928 1358 988 faucium
1403 926 1639 987 dolores
1685 925 2095 1005 gargalizatur.
2183 924 2373 987 Nucis

342 1015 638 1094 iuglandis
692 1014 891 1076 nuclei
947 1016 1075 1076 triti
1129 1033 1263 1076 cum
1322 1023 1455 1076 ruta
1513 1023 1574 1076 et
1629 1014 1759 1075 oleo
1807 1016 2050 1093 inpositi
2096 1014 2372 1075 faucibus

235 1114 303 1163 33
341 1111 610 1184 prosunt.
682 1103 991 1165 Ruborum
1039 1103 1237 1165 caules
1273 1105 1467 1165 teneri
1503 1111 1783 1165 teruntur
1820 1121 2122 1183 sucusque
2159 1122 2370 1164 eorum

343 1211 662 1272 expressus
717 1200 780 1253 et
823 1195 887 1252 in
934 1192 1056 1253 sole
1104 1194 1459 1273 coagitatuS,
1513 1193 1704 1254 donec
1750 1194 2046 1272 spissatur
2091 1193 2163 1253 ad
2207 1210 2371 1253 cras·
2404 1211 2458 1252 ιο

344 1281 666 1342 situdinem
714 1280 931 1362 mellis,
989 1281 1062 1341 ab
1117 1283 1406 1342 interiore
1460 1291 1628 1360 parte
1684 1281 1956 1342 faucibus
2010 1288 2071 1341 et
2115 1283 2373 1360 gingivis

232 1378 305 1428 34
343 1370 547 1431 inlitus
591 1370 915 1449 plurimum
963 1369 1223 1449 prodest.
1303 1369 1509 1432 Pullus
1556 1370 1895 1432 hirundinis
1940 1369 2230 1431 silvestris
2279 1369 2374 1430 vel

339 1459 553 1519 melius
594 1462 647 1519 si
673 1458 1007 1540 ripariolae,
1043 1467 1208 1520 certe
1237 1461 1416 1520 etiam
1444 1459 1819 1540 domesticae,
1859 1477 2031 1520 assus
2058 1459 2150 1519 vel
2179 1458 2372 1519 elixus

344 1555 645 1609 comestus
700 1550 975 1627 anginam
1033 1548 1403 1610 velocissime
1460 1550 1915 1628 certissimeque
1971 1555 2162 1628 sanat,
2222 1547 2371 1608 adeo

338 1646 409 1698 ut
451 1637 752 1698 hominem
801 1636 873 1698 ab
920 1637 1034 1699 hoc
1081 1636 1291 1699 morbo
1337 1655 1449 1717 per
1493 1644 1687 1698 totum
1733 1655 1955 1698 annum
2000 1638 2371 1698 tutissimum
2402 1656 2457 1698 ιε»

338 1733 616 1805 praestet.
1446 1795 1453 1804 ⁴

229 1823 300 1872 35
517 1815 606 1875 Ad
646 1815 945 1895 parotidas
984 1815 1274 1877 sedandas
1314 1815 1606 1894 asphodili
1641 1814 1861 1876 herbae
1898 1815 2069 1876 radix
2103 1814 2371 1876 involuta

338 1902 467 1964 lana
524 1903 690 1965 fusca
748 1912 807 1965 et
863 1907 1021 1965 circa
1077 1903 1294 1966 collum
1358 1922 1643 1983 suspensa
1709 1904 1975 1965 remedio
2042 1903 2370 1983 plurimum

231 2001 300 2049 36
339 1995 471 2056 erit.
517 1992 823 2053 Brassicae
854 1995 1073 2071 stirpes
1103 1991 1254 2069 [sive
1284 1991 1548 2072 stipites]
1578 1993 1869 2053 arefactae
1899 1991 1992 2053 vel
2020 1993 2369 2054 combustae

339 2089 399 2142 et
452 2084 515 2141 in
570 2081 874 2161 pulverem
923 2081 1197 2141 redactae
1249 2091 1310 2142 et
1356 2100 1494 2143 cum
1538 2083 1792 2161 axungia
1837 2090 2039 2143 vetere
2086 2080 2369 2142 subactae
2398 2100 2451 2140 so

339 2177 516 2247 atque
572 2169 891 2248 emplastro
947 2169 1200 2230 alutacio
1254 2170 1627 2249 parotidihus
1682 2172 1973 2248 inpositae
2033 2173 2178 2231 satis
2227 2189 2369 2249 pro·

230 2265 300 2315 37
341 2267 499 2319 sunt..
580 2257 813 2335 Lupino
861 2258 1048 2319 crudo
1096 2258 1267 2319 deme
1314 2258 1608 2320 folliculos
1654 2267 1831 2338 atque
1879 2279 1952 2320 ex
1998 2278 2070 2320 eo
2118 2259 2369 2320 farinam

340 2348 748 2407 tenuissimam
797 2346 992 2429 facito,
1041 2365 1217 2426 quam
1264 2347 1438 2408 melle
1486 2347 1792 2409 subactam
1829 2351 1956 2409 vice
2003 2348 2370 2427 malagmatis

340 2435 713 2514 parotidihus
759 2436 1038 2518 adponaS‚
1081 2438 1366 2497 continuo
1405 2437 1642 2497 dolores
1679 2445 2065 2517 tumoresque
2103 2436 2370 2518 sedabis3

340 2524 499 2585 idem
545 2532 807 2603 praestat
855 2532 916 2586 et
961 2543 1097 2586 cum
1144 2533 1313 2585 aceto
1361 2525 1643 2587 decoctus
1690 2525 2083 2605 similiterque
2130 2526 2364 2605 adposi-
2394 2541 2448 2584 2⁶

234 2620 302 2669 38
341 2620 455 2674 tus,
521 2612 717 2674 Herba
756 2613 1012 2674 verbena
1050 2631 1187 2674 cum
1225 2613 1560 2693 plantagine
1597 2615 1658 2674 in
1699 2633 1802 2675 ore
1840 2617 2095 2675 contrita
2133 2614 2368 2675 adiecto

339 2702 574 2762 modico
616 2702 754 2762 salis
790 2721 900 2781 pro
930 2701 1249 2782 emplastro
1279 2703 1546 2782 adposita
1583 2703 1885 2781 parotidas
1911 2705 2063 2766 mire
2092 2703 2368 2784 discutit3

342 2809 490 2870 quas
536 2809 671 2851 cum
720 2794 1040 2871 aperuerit,
1088 2790 1356 2852 detracto
1404 2791 1523 2852 sale
1562 2791 1684 2852 sola
1723 2795 1979 2853 contrita
2018 2801 2078 2853 et
2108 2794 2367 2871 inposita

232 2887 302 2938 39
342 2879 618 2941 celeriter
673 2879 905 2941 sanabit
958 2898 1069 2940 nec
1116 2882 1453 2941 cicatricem
1504 2898 1772 2960 magnam
1819 2882 2012 2943 faciet.
2099 2881 2367 2942 Noctuae

340 2972 509 3029 iecur
554 2967 870 3048 diligenter
917 2976 1214 3029 servatum
1261 2979 1439 3049 atque
1479 2988 1550 3030 ex
1590 2980 1894 3048 unguento
1935 2970 2183 3031 nardino
2220 2971 2365 3030 trito
2393 2988 2446 3028 so

341 3057 624 3118 auriculis
662 3056 915 3119 subinde
951 3058 1217 3118 infusum
1254 3057 1532 3119 celeriter
1568 3059 1904 3137 parotidum
1941 3061 2149 3120 vitium
2189 3077 2366 3119 omne

232 3157 305 3207 40
338 3153 633 3225 persanat.
718 3145 915 3208 Ostrei
970 3154 1257 3207 testarum
1315 3146 1756 3208 combustarum
1810 3149 1962 3216 cinis
2007 3166 2144 3209 cum
2192 3146 2367 3209 melle

234 3246 303 3295 41
343 3235 638 3314 inpositus
688 3234 988 3314 parotidas
1045 3237 1165 3296 cito
1222 3235 1411 3297 solvit.
1515 3235 1682 3315 Aqua
1738 3238 1964 3297 marina
2018 3235 2216 3316 tepida
2273 3235 2368 3297 vel

340 3342 413 3384 ex
469 3326 698 3385 marino
754 3322 874 3385 sale
919 3323 1138 3385 infecta
1184 3324 1484 3404 parotidas
1531 3324 1758 3403 sfongia
1803 3328 1974 3406 prius
2019 3325 2180 3405 elue,
2233 3333 2366 3386 tum

480 3535 516 3584 4
554 3532 776 3586 alumen
797 3512 816 3518 „
841 3531 1015 3586 alium
1051 3531 1203 3588 Ptin.
1316 3536 1383 3586 12
1426 3531 1727 3589 arundinis.
1848 3537 1915 3587 10
1951 3529 2197 3603 stipites]
2238 3531 2362 3586 stir-

338 3601 504 3673 pites.
648 3609 715 3658 21
812 3602 1012 3660 utatiO.
