2575 4092
1125 243 1210 253 -
1303 207 1612 272 354-

353 390 506 452 pana
552 390 624 436 ex
670 390 845 451 passo
885 371 1118 433 Cretico
1165 371 1411 433 decocta
1459 388 1715 450 cumque
1762 373 1857 431 ovi
1894 371 2046 433 duro
2085 371 2292 433 vitello
2330 383 2393 435 et

355 479 492 522 cum
540 479 684 522 uvae
729 478 937 541 passae
986 460 1215 523 nucleis
1260 462 1422 522 tritis
1469 462 1651 520 mixta
1696 460 1989 541 medetur,
2037 463 2119 521 ita
2158 468 2227 522 ut
2267 480 2389 522 ma-

352 548 622 629 lagmatis
669 549 841 611 modo
888 552 1143 628 inposita
1190 549 1606 628 superligetur.

247 650 317 700 69
532 637 800 718 Acopum
846 638 1013 699 valde
1069 637 1213 699 utile
1270 646 1332 698 et
1381 646 1612 699 certum
1658 637 1941 698 remediis
1988 637 2388 699 articulorum

353 733 531 805 atque
574 744 895 787 nervorum
935 729 1047 788 sic:
1093 725 1382 788 Medullae
1420 728 1711 807 cervinae,
1758 726 1949 805 adipis
1985 729 2225 807 veteriS‚
2277 727 2389 789 bu·
2415 744 2445 787 5

351 816 486 895 tyri,
532 817 658 876 sevi
694 818 935 890 cervini,
973 817 1205 876 resinae
1243 815 1474 895 frictae,
1509 816 1660 892 picis
1698 814 1950 896 cedriae,
1994 817 2145 894 picis
2174 814 2386 893 lagun-

351 903 597 985 culatis,
662 922 864 985 cerae,
919 903 1287 983 singulorum
1343 905 1549 965 uncias
1603 911 1806 964 ternas
1869 904 1933 963 in
1995 922 2170 964 aereo
2238 923 2385 965 vaso

353 994 626 1053 remittes
673 992 833 1053 lento
880 994 1003 1071 igni
1050 993 1270 1071 diuque
1319 990 1585 1071 agitabiS,
1632 999 1701 1052 ut
1747 998 1973 1052 coeant.
2048 992 2199 1053 Tum
2243 1011 2384 1072 per-

349 1080 541 1141 colato
587 1080 994 1162 medicamine,
1042 1088 1108 1141 ut
1155 1098 1252 1141 res
1299 1082 1509 1159 poscit,
1555 1082 1762 1141 uteris·
1863 1094 1866 1097 ’

243 1180 311 1231 70
531 1169 788 1248 Spumae
836 1171 1067 1247 argenti
1107 1202 1184 1212 —
1225 1168 1279 1229 11
1327 1169 1546 1230 tundes
1593 1176 1654 1229 et
1699 1168 1900 1248 butyri
1944 1178 2006 1229 et
2050 1169 2241 1248 adipis
2283 1188 2381 1230 ve·
2412 1190 2468 1230 10

348 1258 495 1319 teris
552 1267 614 1317 et
668 1275 838 1317 rosae
895 1255 1223 1337 Campanae
1280 1259 1488 1318 uncias
1541 1264 1742 1318 ternas
1798 1259 2068 1318 remittes
2123 1265 2184 1318 et
2238 1277 2381 1338 per-

349 1344 631 1407 miscebis
669 1353 730 1405 et
765 1353 971 1425 postea
1008 1348 1070 1406 in
1108 1348 1394 1407 mortario
1433 1345 1610 1406 simul
1647 1353 1923 1407 conteres
1961 1355 2020 1407 et
2059 1348 2145 1407 sic
2182 1350 2378 1408 uteris

348 1435 421 1496 ad
469 1434 857 1496 articulorum
903 1442 964 1495 et
1009 1452 1328 1495 nervorum
1376 1435 1900 1495 confirmationem.
2552 1443 2553 1506 ι

242 1534 310 1586 71
526 1522 928 1600 Argimoniam
967 1542 1039 1583 ex
1079 1526 1213 1583 vino
1251 1531 1492 1584 austero
1531 1541 1754 1602 coques
1793 1530 1852 1583 et
1890 1532 2049 1583 teres
2087 1524 2378 1585 adrorans

346 1612 649 1673 interdum
697 1611 906 1672 eodem
952 1614 1084 1672 vino
1130 1611 1394 1693 herbam,
1440 1619 1568 1673 tum
1617 1611 1865 1672 fomenti
1909 1612 2084 1672 modo
2122 1612 2376 1674 calidam
2408 1632 2464 1672 15

347 1699 859 1779 condylomatibus
905 1700 1295 1761 articulorum
1340 1699 1432 1760 vel
1480 1699 1957 1780 quibuscumque
1995 1699 2124 1760 aliis
2164 1720 2375 1821 super·

344 1807 532 1868 pones
580 1796 640 1849 et
683 1807 758 1849 ne
807 1788 1040 1850 decidat
1086 1787 1369 1868 alligabis

239 1889 307 1938 72
526 1876 865 1956 Serpullum
911 1896 1097 1958 aeque
1146 1896 1281 1938 cum
1329 1880 1466 1938 vino
1513 1885 1750 1938 austero
1798 1886 2034 1939 coctum
2071 1879 2203 1956 pari
2240 1878 2371 1939 dili-

345 1968 543 2045 gentia
609 1966 876 2027 articulis
938 1969 1216 2045 inponeS‚
1279 1968 1584 2044 potentius
1639 1965 1969 2027 remedium
2025 1969 2371 2045 experieris,
2552 2035 2553 2046 χ

238 2066 306 2116 ’13
347 2053 410 2115 Si
448 2054 794 2133 condyloma
833 2053 1265 2116 intolerabilem
1302 2054 1566 2115 dolorem
1608 2055 1800 2136 faciet,
1845 2055 2161 2116 medullam
2204 2058 2373 2117 canis
2402 2075 2459 2115 ω
2552 2049 2553 2072 ²

344 2161 416 2202 ex
461 2143 598 2202 vino
645 2152 883 2203 austero
930 2141 1189 2221 subigito
1231 2151 1294 2204 et
1330 2144 1618 2223 inponito,
1664 2162 1801 2204 oum
1840 2162 2068 2204 summa
2106 2144 2371 2205 efficacia

238 2242 308 2291 74
343 2229 630 2309 proderit.
712 2231 1049 2309 Argimonia
1114 2233 1255 2292 trita
1312 2250 1445 2304 cum
1504 2232 1674 2310 adipe
1727 2234 2019 2311 permixta
2075 2250 2371 2293 summam

237 2330 305 2381 75
342 2316 651 2378 medellam
708 2317 1219 2398 condylomatibus
1284 2320 1525 2380 exhibet
1581 2319 1987 2382 articulorum.
2082 2320 2371 2399 Spumam

341 2408 574 2485 argenti
628 2414 689 2467 et
743 2424 1046 2468 cerussam
1104 2407 1280 2469 simul
1337 2428 1410 2469 ex
1465 2410 1598 2469 vino
1656 2417 1931 2470 conteres
1977 2411 2183 2488 aequis
2228 2428 2368 2488 por-

340 2494 605 2556 tionibus
656 2503 717 2556 et
762 2497 1011 2575 inpones
1066 2496 1519 2578 condylomatis3
1576 2501 1628 2558 si
1681 2497 1897 2559 vulnus
1952 2498 2189 2578 fecerit,
2244 2499 2366 2560 sul·
2398 2516 2456 2558 25

339 2586 509 2663 puris
554 2586 672 2644 vivi
717 2586 954 2646 unciam
1000 2585 1237 2646 adicies,
1659 2613 1669 2620 ’

231 2686 302 2737 76
519 2671 584 2733 Si
648 2673 883 2752 quando
944 2692 1064 2734 non
1130 2674 1498 2735 exulceratas
1562 2675 1913 2734 eminentias
1970 2673 2177 2736 tollere
2233 2677 2366 2736 sine

339 2761 498 2822 ferro
544 2760 934 2845 voluerimus,
989 2770 1058 2823 ut
1103 2780 1403 2843 verrucaS,
1449 2780 1682 2842 naevoS,
1729 2762 1923 2823 clavos
1969 2763 2185 2823 aliasve
2232 2766 2364 2825 eius

337 2852 574 2927 generis
620 2850 945 2931 molestiaS,
993 2851 1106 2911 hoc
1152 2851 1583 2912 medicamento
1629 2859 1896 2912 utemur:
1961 2851 2151 2913 Calcis
2200 2853 2364 2913 vivae

336 2937 388 2997 X
436 2937 535 3017 VI,
591 2938 851 3000 faeculae
898 2947 1100 3000 coctae
1149 2939 1200 3000 X
1244 2938 1353 3021 111,
1410 2941 1552 2999 nitri
1600 2942 1722 3001 usti
1767 2939 1818 3000 X
1859 2938 1958 3001 111.
2039 2939 2199 3001 Haec
2244 2944 2365 3002 teri
2391 2959 2451 3001 ao

336 3032 572 3105 oportet
629 3034 688 3087 et
741 3027 919 3088 lixivo
980 3027 1180 3107 colligi
1236 3028 1308 3088 de
1365 3030 1566 3088 cinere
1620 3028 1902 3108 caprofici
1947 3029 2102 3089 facto
2147 3029 2240 3089 vel
2287 3030 2361 3091 de

335 3117 679 3194 sarmentis,
746 3116 933 3176 donec
987 3116 1117 3177 leve
1174 3118 1252 3177 sit
1308 3123 1369 3177 et
1421 3118 1579 3194 passi
1638 3117 1741 3177 fiat
1795 3125 2362 3200 temperamentum3

335 3203 550 3264 deinde
615 3203 771 3264 adici
835 3203 1012 3266 dehet
1067 3204 1343 3266 rubricae
1399 3204 1621 3283 aliquid
1677 3215 1779 3266 aut
1833 3208 2174 3287 atramenti,
2240 3226 2360 3286 quo

333 3294 524 3372 possit
579 3291 859 3373 colorari,
916 3312 1067 3372 quae
1124 3292 1302 3354 simul
1357 3294 1538 3353 mixta
1593 3295 1655 3353 in
1707 3294 1920 3372 patella
1964 3294 2132 3355 fictili
2179 3298 2362 3374 coqui

516 3432 547 3481 6
587 3426 833 3498 cedriae]
874 3444 1091 3483 carnae.
1204 3432 1271 3482 12
1312 3429 1411 3482 aut
1447 3430 1661 3498 postea.
1777 3435 1842 3484 16
1880 3427 2356 3485 condilimatibus.

339 3500 403 3550 18
444 3498 761 3565 serpullum.
911 3504 976 3553 19
1014 3500 1406 3568 potentiorem.
1551 3505 1621 3554 20
1659 3500 1988 3555 condiloma.
2118 3505 2186 3554 23
2224 3517 2359 3556 con-

334 3564 698 3622 dilimatibus.
844 3573 911 3623 28
947 3586 1136 3625 nevos.
1282 3576 1353 3625 34
1389 3571 1614 3639 quoqui.
