2575 4092
971 216 1456 282 —109—

197 380 449 458 largiore
489 388 711 459 potata,
759 381 952 458 capite
990 388 1049 441 et
1085 380 1332 442 naribus
1376 399 1489 442 nec
1534 383 1736 443 minus
1772 401 1877 444 ore
1915 381 2231 462 diligenter

194 476 431 550 opert03
488 486 601 528 nec
658 486 779 528 non
825 467 1153 530 fomentum
1209 488 1282 530 ex
1329 488 1517 550 aquae
1575 469 1795 533 calidae
1854 489 2068 551 vapore
2123 490 2231 551 per

197 575 487 637 spongeas
541 556 751 618 molles
805 557 1089 618 adhibere
1145 566 1312 619 extra
1369 559 1694 640 oportebit,
1747 560 1998 621 subinde
2052 562 2230 621 etiam

197 647 566 725 gargarizare
613 645 705 706 lac
750 646 1017 726 tepidum
1074 654 1177 707 aut
1230 665 1500 708 umorem
1556 650 1781 709 tisanae
1838 657 1941 710 aut
2000 667 2230 730 aquam,

143 755 170 795 s
196 738 259 795 in
305 753 421 813 qua
468 734 734 795 furfures
780 734 1034 813 siliginis
1080 735 1509 811 deferbuerint,
1556 736 1649 797 vel
1696 756 1908 817 aquam
1948 756 2019 799 ex
2058 737 2229 798 faeno

198 842 411 902 graeco
441 823 764 885 decoctam.
824 823 1302 886 Sorbitiunculae
1331 844 1570 905 quoque
1598 833 1871 907 prosunt,
1899 845 2050 905 quae
2079 827 2231 887 fiunt
2271 841 2337 892 18

199 931 267 972 ex
317 912 513 973 amulo
563 911 653 973 vel
701 914 887 973 tisana
936 912 1028 974 vel
1073 932 1262 994 oryza.
1353 914 1441 975 Ad
1490 913 1689 975 ulcera
1738 917 1801 976 in
1850 914 2094 976 naribus
2141 933 2230 976 se-
2272 930 2336 979 19

198 1001 388 1061 danda
424 1001 655 1081 plumbi
693 1009 944 1084 stercus,
985 1001 1144 1081 quod
1182 1004 1414 1063 scorian
1455 1002 1679 1085 dicunt,
1717 1022 1791 1064 ex
1829 1005 1965 1064 vino
2003 1011 2230 1084 myrteo

199 1089 328 1150 oleo
366 1089 596 1150 vicibus
633 1090 863 1151 adiecto
900 1092 1017 1152 teri
1054 1098 1309 1173 oportet,
1355 1091 1544 1153 donec
1591 1094 1851 1173 spissum
1888 1092 2006 1174 flat,
2054 1100 2113 1153 et
2149 1094 2230 1153 ita

21 1167 36 1186 ⁸
116 1201 170 1242 ιο
197 1178 445 1239 naribus
482 1178 847 1241 infundatur.
909 1179 1076 1241 Facit
1104 1186 1164 1240 et
1191 1180 1305 1241 hoc
1333 1181 1827 1243 medicamentum
1857 1181 2008 1243 bene
2037 1183 2231 1260 gravi-
2270 1198 2338 1248 2ο

196 1267 326 1328 dini
364 1270 625 1329 narium:
661 1267 1078 1348 Pompholygis
1106 1267 1158 1329 X
1187 1267 1266 1329 111
1295 1270 1430 1330 vino
1460 1269 1710 1331 Falerno
1749 1283 1809 1332 et
1837 1289 1972 1331 rosa
2001 1270 2230 1331 vicibus

199 1356 428 1417 adiecta
474 1365 771 1436 teruntur,
818 1357 1007 1418 donec
1055 1357 1554 1419 medicamentum
1602 1359 1793 1421 mellis
1834 1359 2049 1421 habeat
2083 1368 2230 1421 tem-

196 1446 588 1525 perationem,
625 1454 687 1505 et
723 1447 804 1506 ita
843 1445 1089 1507 naribus
1127 1446 1406 1526 paulatim
1444 1448 1798 1509 infunditur.
1867 1448 1957 1509 Ad
1993 1466 2231 1527 gravem
2270 1464 2337 1513 21

199 1534 443 1594 odorem
481 1535 732 1615 narium,
771 1553 1047 1595 ozaenam
1077 1534 1287 1596 Graeci
1321 1535 1434 1597 hoc
1472 1538 1681 1597 vitium
1721 1546 1949 1615 vocant,
1986 1536 2230 1615 prodest

117 1642 171 1683 ιε
201 1624 440 1702 egregie
496 1622 611 1683 hoc
657 1624 1182 1685 medicamentum:
1247 1624 1564 1704 Aeruginis
1611 1623 1673 1685 P.
1720 1623 1746 1683 1
1802 1630 1905 1685 aut
1951 1642 2230 1703 squamae

197 1713 355 1772 aeris
400 1711 464 1771 P.
503 1710 529 1770 Ι
573 1714 634 1772 in
682 1711 873 1772 mellis
896 1712 981 1773 .-P.
1020 1711 1046 1771 Ι
1101 1715 1278 1792 coqui
1334 1712 1635 1792 oportebit
1689 1720 1750 1773 et
1804 1731 1875 1773 eo
1937 1714 2027 1773 uti
2080 1712 2232 1773 adsi-

199 1801 319 1861 dua
363 1801 680 1862 infusione.
753 1801 840 1861 Ad
888 1799 1134 1880 polypos
1182 1801 1477 1862 sanandos
1516 1803 1666 1880 misy
1704 1812 1922 1881 ustum,
1970 1800 2231 1862 chalciti·
2268 1818 2336 1866 22

198 1888 335 1949 dem
382 1898 605 1970 ustam,
662 1908 763 1949 aes
810 1900 1040 1969 ustum,
1086 1891 1241 1950 aeris
1287 1908 1620 1970 squamam,
1667 1889 1910 1969 paribus
1959 1887 2231 1969 ponderi-

197 1977 313 2038 bus
360 1979 579 2039 siccata
626 1977 773 2038 haec
819 1977 970 2039 bene
1017 1988 1178 2040 teres
1226 1986 1285 2039 et
1333 1998 1404 2039 eo
1451 1978 1696 2058 pulvere
1739 1980 1929 2039 uteris
1967 1977 2229 2039 adsidue.

21 2141 26 2146 ¹
112 2088 170 2127 20
198 2066 351 2137 Quia
409 2085 548 2127 vero
594 2066 949 2146 plerumque
1006 2076 1297 2129 vexantur
1353 2086 1527 2129 nares
1573 2068 1904 2149 gravidine,
1960 2085 2111 2147 quae
2159 2085 2233 2128 ex
2269 2083 2336 2132 23

199 2174 410 2216 umore
458 2174 663 2217 earum
711 2156 989 2236 efficitur,
1035 2175 1153 2216 non
1199 2156 1460 2218 alienum
1499 2167 1591 2217 est
1628 2159 1785 2218 scire
1824 2159 1954 2218 eius
1992 2174 2230 2235 quoque

196 2246 290 2307 rei
338 2244 617 2305 remedia.
709 2244 960 2305 Prodest
1004 2246 1188 2323 igitur
1235 2248 1407 2324 quies
1452 2247 1632 2307 unius
1678 2246 1796 2306 diei
1844 2254 1903 2307 et
1949 2245 2022 2306 ab
2070 2247 2233 2306 omni

198 2352 267 2393 re
307 2333 684 2412 abstinentia,
721 2333 1182 2412 perunguendae
1221 2333 1608 2395 nihilominus
1646 2353 1821 2395 nares
1859 2343 2039 2395 erunt
2076 2333 2231 2394 bitu·

196 2424 361 2482 mine
414 2422 640 2501 liquido
700 2430 804 2482 aut
856 2440 1058 2482 murra
1115 2431 1303 2484 stacta
1359 2423 1449 2483 vel
1495 2426 1628 2502 pice
1683 2423 1934 2502 liquida,
1988 2430 2230 2501 postero

110 2530 167 2572 25
197 2519 402 2572 autem
446 2511 543 2571 die
590 2509 863 2591 pastillus
908 2512 1063 2571 infra
1110 2513 1371 2592 scriptus
1416 2514 1480 2571 in
1525 2520 1763 2572 noctem
1811 2530 1993 2592 super
2029 2510 2231 2572 cibum

196 2600 431 2661 dandus
468 2602 584 2660 erit
619 2610 679 2660 et
710 2602 761 2660 si
790 2617 941 2678 opus
972 2599 1172 2681 fuerit,
1209 2618 1318 2679 per
1345 2600 1612 2661 triduum
1642 2602 1992 2661 continuum
2022 2599 2228 2660 eodem

198 2699 470 2768 tempore
527 2688 793 2770 dabitur,
853 2690 958 2768 qui
1015 2691 1231 2767 recipit
1286 2689 1460 2750 haec:
1532 2690 1668 2768 Apii
1724 2690 1969 2750 seminis
2015 2687 2067 2749 X
2104 2686 2231 2767 1111,

196 2780 352 2837 anisi
391 2776 443 2836 X
479 2776 579 2858 ΙΙΙ,
625 2777 834 2838 alterci
872 2779 1133 2859 seminis,
1172 2777 1332 2856 quod
1370 2777 1754 2858 hyoscyamos
1793 2778 2032 2856 dicitur,
2070 2776 2121 2836 X
2159 2775 2230 2854 ΙΙ,

193 2869 318 2946 opii
379 2866 691 2927 denarium
745 2865 1075 2927 dimidium.
1166 2865 1349 2927 Fiunt
1407 2874 1605 2927 autem
1669 2866 1889 2945 pastilli
1945 2866 2229 2944 ponderis

109 2973 167 3014 ao
194 2956 498 3016 victoriati
543 2963 603 3015 et
649 2954 747 3015 alii
794 2956 970 3014 tertia
1017 2963 1186 3033 parte
1240 2955 1530 3036 detracta,
1586 2955 1804 3016 dantur
1859 2973 1995 3016 cnm
2043 2971 2230 3033 aquae

194 3044 431 3125 cyathis
480 3043 689 3104 tribus
781 3043 1033 3103 Faciunt
1079 3050 1278 3104 autem
1331 3051 1391 3104 et
1437 3044 1509 3104 ad
1558 3043 1866 3105 oculorum
1914 3043 2230 3122 epiphoras

194 3141 261 3195 et
309 3126 600 3193 stomachi
648 3150 924 3194 nauseam
974 3141 1033 3192 et
1079 3132 1546 3193 deiectiunculas
1594 3141 1654 3193 et
1698 3132 1771 3193 ad
1810 3151 2044 3192 omnem
2082 3131 2228 3193 fluo-

192 3241 348 3283 rem.
425 3222 609 3282 Sistet
655 3223 1003 3301 sanguinem
1050 3239 1255 3281 sevum
1303 3240 1374 3282 ex
1415 3229 1653 3282 omento
1701 3223 1937 3301 pecoris
1984 3219 2228 3282 naribus
2267 3234 2336 3282 24

346 3380 377 3429 '7
417 3374 585 3430 oriza.
756 3381 789 3429 9
827 3375 1048 3429 adiecto
1086 3391 1188 3430 om.
1365 3379 1430 3429 10
1468 3373 1775 3444 gravidine.
1942 3379 2005 3427 17
2043 3371 2228 3426 misni.

196 3445 524 3501 calchitidis
568 3447 724 3501 ustae
777 3446 921 3500 aeris
977 3447 1109 3501 usti.
1292 3451 1358 3499 18
1406 3446 1553 3499 aeris
1600 3450 1729 3500 ante
1783 3460 2075 3512 squamam
2126 3460 2226 3498 orn.

197 3524 272 3572 20
318 3534 453 3573 vero
505 3533 607 3573 om.
822 3523 888 3572 27
935 3515 1142 3584 XIIII,
1192 3516 1335 3570 anisi
1370 3514 1425 3570 X
1452 3514 1560 3582 ΙΙΙ,
1607 3514 1805 3570 alterci
1852 3513 2080 3566 seminis
2126 3529 2230 3570 om.

196 3594 270 3644 32
311 3589 733 3661 eiectiunculas,
769 3591 983 3644 correcci
1017 3606 1045 3644 e
1081 3587 1254 3644 Ser-ib.
1401 3592 1469 3641 33
1507 3587 1666 3640 sistet
1701 3591 1799 3640 1m
1835 3582 1987 3639 sistit
2020 3589 2141 3642 2m.
