2575 4092
1005 221 1447 285 ..51-

207 399 420 442 omnes
465 379 717 442 sanabit.
801 379 1008 462 Capilli
1054 391 1115 442 et
1160 381 1378 444 barbae
1427 393 1750 447 nascentur
1795 387 1971 446 etiam
2017 384 2244 468 glabro,
2280 399 2349 449 23

207 472 258 530 si
315 470 613 531 lichenem
670 472 850 552 asini,
912 470 973 532 id
1030 478 1121 532 est
1176 471 1586 534 collectionem
1644 474 1880 554 duram,
1942 492 2093 553 quae
2150 484 2244 537 est

206 562 371 620 circa
416 576 592 621 crura
641 560 791 639 eius,
836 558 1150 621 comburas
1198 571 1258 622 et
1305 571 1463 622 teras
1510 572 1570 623 et
1607 560 1911 642 pulverem
1955 562 2120 625 illum
2170 582 2243 625 ex

205 649 340 708 oleo
395 656 598 709 vetere
654 649 921 728 inponas.
1006 647 1133 710 Hoc
1191 652 1269 710 ita
1327 649 1583 711 validum
1630 660 1749 731 est,
1797 660 1863 713 ut
1908 654 1962 713 si
2008 652 2244 714 mulieri

153 753 177 794 5
203 737 348 798 inde
404 735 700 797 maxillam
758 738 1029 818 unxeris,
1091 736 1309 799 barbas
1365 741 1420 799 ei
1482 742 1649 802 nasci
1704 742 1876 803 scias.
1967 739 2244 803 Erinacei
2279 753 2348 804 24

203 834 391 906 caput
437 834 495 886 et
541 823 817 904 pellicula
863 825 1173 888 combusta
1219 829 1490 907 cinisque
1546 831 1602 890 ei
1653 828 1884 890 adiecto
1934 828 2106 891 melle
2151 832 2240 891 in·

201 915 351 976 litus
388 914 670 993 alopeciis
709 915 828 975 cito
865 914 1126 994 prodest.
1201 914 1391 996 Caput
1428 925 1628 979 autem
1665 920 1796 979 eius
1834 935 1944 997 per
1979 936 2043 979 se
2081 936 2241 980 com·

202 1003 455 1065 bustum
514 1010 574 1064 et
628 1003 859 1065 adiecta
905 1006 1095 1082 ipsius
1142 1004 1315 1083 adipe
1363 1007 1515 1067 cinis
1560 1006 1658 1066 ille
1706 1005 1987 1087 alopeciis
2033 1006 2240 1069 inlitus

201 1096 386 1153 etiam
425 1093 791 1153 cicatricosis
828 1092 968 1153 facit
1008 1091 1160 1172 pilos
1197 1096 1449 1155 renasci.
1517 1094 1688 1166 Quod
1728 1097 1781 1156 si
1821 1103 2012 1157 totum
2043 1097 2237 1176 ipsum

123 1199 173 1238 10
201 1184 345 1261 quis
392 1189 603 1242 exurat
647 1191 707 1242 et
751 1180 1057 1261 pulverem
1105 1183 1236 1243 eius
1283 1181 1438 1244 bene
1482 1186 1693 1245 tritum
1740 1202 1877 1246 cum
1923 1185 2095 1265 adipe
2138 1203 2236 1246 ur·

201 1273 336 1331 sina
385 1269 548 1331 calvo
594 1269 669 1330 ad
715 1271 1018 1349 integrum
1063 1273 1246 1349 capiti
1293 1272 1555 1354 inponat,
1601 1273 1880 1334 decorem
1916 1275 2238 1353 pristinum

200 1360 488 1420 restituet
534 1357 902 1437 capillorum.
965 1358 1053 1420 Ad
1102 1361 1322 1420 tineam
1362 1360 1712 1424 curandam:
1761 1361 2081 1444 Sulphuris
2120 1364 2236 1423 vivi
2273 1374 2342 1424 2⁶

206 1481 284 1490 —
327 1447 402 1529 11,
448 1446 586 1508 salis
635 1446 867 1508 fossicii
916 1479 992 1490 —
1035 1446 1087 1528 1,
1134 1456 1312 1509 tunsa
1357 1457 1419 1510 et
1462 1449 1720 1512 cribrata
1767 1450 1914 1512 baec
1961 1469 2095 1512 raso
2142 1469 2235 1513 ca·

198 1539 316 1617 piti
372 1545 433 1597 et
487 1535 609 1596 loto
666 1537 728 1595 in
786 1535 997 1597 balneo
1053 1536 1438 1619 confricabis,
1497 1540 1578 1599 ita
1635 1549 1701 1600 ut
1755 1540 1927 1618 prius
1984 1540 2056 1600 de
2104 1539 2236 1601 oleo

118 1639 169 1681 15
199 1625 374 1687 locus
421 1626 636 1704 capitis
682 1626 952 1686 tineosus
996 1635 1370 1704 perungatur
1417 1634 1478 1686 et
1522 1628 1609 1687 sic
1650 1626 1848 1707 pulvis
1884 1629 1997 1689 iste
2036 1645 2235 1708 asper-

197 1721 379 1793 gatur
434 1723 495 1774 et
549 1713 653 1774 diu
709 1713 986 1794 fricetur,
1041 1732 1355 1794 quousque
1414 1714 1679 1794 liquefiat
1739 1715 1957 1776 sudore
2005 1717 2233 1794 capitis.

197 1802 331 1864 Hoc
377 1802 554 1863 modo
602 1805 758 1863 intra
805 1820 910 1863 sex
957 1802 1084 1863 dies
1133 1801 1442 1864 curabitur
1489 1804 1663 1865 tinea.
1743 1802 1910 1865 Facit
1953 1804 2068 1864 hoc
2116 1822 2235 1865 me·

199 1892 476 1952 dicamen
522 1899 585 1952 et
630 1890 702 1952 ad
749 1890 1072 1972 scabiosos,
1125 1891 1374 1972 prodest
1431 1899 1490 1952 et
1536 1892 1648 1973 his,
1696 1891 1915 1973 quibus
1961 1891 2236 1972 pustulae

203 1989 536 2042 nascuntur
595 1982 656 2041 in
716 1979 866 2042 facie
922 1988 1222 2061 tamquam
1269 1980 1710 2061 elephantiacae
1761 1980 2062 2043 rubentes.
2144 1981 2234 2043 Ad
2273 1995 2340 2045 26

119 2086 177 2126 πο
204 2068 450 2148 capillos
488 2071 593 2148 qui
627 2077 765 2148 post
801 2069 1207 2130 infirmitatem
1246 2070 1529 2132 decidunt
1559 2070 1998 2133 confirmandos
2036 2070 2237 2132 cedria

204 2166 264 2219 et
319 2158 450 2218 oleo
505 2160 635 2237 pari
689 2157 953 2237 pondere
1007 2160 1192 2220 mixto
1249 2159 1496 2221 adsidue
1552 2179 1658 2221 eos
1704 2179 1862 2239 unge
1918 2168 1979 2222 et
2024 2159 2240 2222 leviter

201 2248 469 2326 pectina:
512 2246 779 2307 laudabis
827 2247 1120 2308 effectum.
1198 2247 1288 2308 Ad
1336 2248 1581 2328 capillos
1629 2249 1973 2311 decidentes
2019 2250 2231 2312 conflr-
2272 2261 2339 2311 27

202 2335 477 2397 mandos:
535 2335 783 2414 Adipem
850 2337 1116 2396 ursinam
1171 2355 1310 2397 cum
1364 2336 1575 2399 ladano
1621 2337 1902 2400 miscebis
1948 2348 2010 2400 et
2053 2347 2234 2418 caput

199 2442 503 2505 perunges
557 2423 652 2484 vel
695 2424 822 2486 loca
870 2423 1258 2486 defluentium
1298 2424 1646 2505 capillorum
1684 2435 1787 2488 aut
1823 2424 2018 2488 ladani
2053 2428 2232 2488 uncia

16 2510 17 2515 ’
117 2530 172 2572 25
199 2532 320 2575 una
377 2521 436 2574 et
492 2514 756 2575 oenelaei
809 2514 1006 2575 unciis
1061 2512 1294 2575 duabus
1350 2517 1509 2576 tritis
1569 2523 1630 2577 et
1682 2517 1996 2595 permixtis
2051 2523 2232 2594 caput

200 2619 562 2682 perungues.
628 2602 717 2662 Ad
754 2601 1009 2663 fluentes
1046 2603 1316 2682 capillos:
1351 2602 1611 2665 *Scobem
1649 2603 1722 2665 de
1760 2621 1949 2667 cornu
1987 2605 2230 2665 cervino
2266 2614 2334 2665 28

198 2693 498 2771 permisce
554 2709 690 2752 cum
747 2692 973 2752 semine
1030 2693 1209 2771 myrti
1253 2695 1458 2771 nigrae
1508 2691 1739 2754 adiecto
1801 2692 2017 2773 butyro
2074 2691 2231 2753 oleo-

200 2799 317 2860 que
368 2787 428 2840 et
474 2781 654 2859 capiti
699 2798 832 2841 raso
882 2780 1232 2841 densissime
1278 2781 1505 2862 obline3
1552 2784 1728 2843 etiam
1778 2800 1849 2842 ex
1886 2782 2231 2843 infirmitate

196 2868 456 2931 fluentes
521 2868 763 2948 capillos
828 2869 1152 2930 efficaciter
1214 2869 1564 2931 continebis,
1656 2869 2028 2932 Sandaracha
2092 2887 2231 2931 cum
2267 2881 2334 2931 29

120 2973 173 3014 so
200 2966 369 3020 aceto
416 2959 647 3019 incocta
704 2965 765 3019 et
821 2957 1126 3036 emplastri
1180 2976 1345 3019 more
1400 2961 1658 3039 inposita
1712 2958 1996 3020 fluentem
2053 2957 2229 3038 capil-

196 3046 322 3108 lum
368 3045 728 3107 validissime
775 3046 1004 3108 solidat.
1097 3045 1162 3107 Si
1209 3049 1344 3126 quis
1390 3047 1697 3110 maleficiis
1743 3047 1986 3127 capillos
2031 3047 2229 3128 perdi·
2266 3059 2336 3109 30

198 3136 382 3218 derit,
437 3135 548 3197 hac
597 3153 700 3196 eos
746 3135 818 3196 ad
863 3137 1176 3214 pristinam
1223 3136 1472 3197 formam
1518 3140 1747 3199 ratione
1794 3136 2123 3219 reparabit,
2177 3139 2232 3198 si

16 3292 17 3309 χ
196 3223 487 3286 lacertum
538 3223 758 3284 salsum
805 3232 1162 3286 martensem
1210 3244 1346 3286 cum
1395 3244 1503 3287 suo
1542 3228 1733 3307 capite
1783 3235 1844 3288 et
1878 3226 2044 3288 lanae
2087 3243 2229 3306 pur-

16 3312 21 3417 ]
195 3332 418 3392 pureae
474 3314 698 3392 optime
754 3315 817 3374 in
873 3313 1179 3394 conchylio
1236 3317 1458 3375 tinctae
1505 3315 1651 3376 duas
1697 3315 1908 3393 ligulas
1955 3324 2014 3376 et
2058 3314 2229 3376 char-

18 3420 21 3531 »
122 3417 171 3459 aa
197 3411 316 3464 tam
374 3400 656 3464 cubitalis
717 3420 1033 3463 mensurae
1091 3406 1409 3483 separatim
1464 3403 1778 3466 comburat
1840 3406 2227 3481 cineremque

193 3494 558 3571 permisceat
604 3498 986 3571 conteratque
1027 3509 1164 3552 cum
1202 3491 1332 3552 oleo
1372 3491 1616 3553 cedrino
1654 3492 1938 3573 paulatim
1975 3490 2225 3573 adiecto,

191 3589 259 3643 ut
303 3577 768 3645 crassitudinem
817 3579 977 3640 velut
1032 3579 1276 3660 glutinis
1324 3579 1530 3661 faciat,
1586 3598 1777 3661 eoque
1834 3578 2224 3641 medicamine

1800 3678 1876 3733 4*
