<?xml version="1.0" encoding="UTF-8"?>
<!DOCTYPE html PUBLIC "-//W3C//DTD XHTML 1.0 Transitional//EN"
    "http://www.w3.org/TR/xhtml1/DTD/xhtml1-transitional.dtd">
<html xmlns="http://www.w3.org/1999/xhtml" xml:lang="en" lang="en">
 <head>
  <title>
</title>
<meta http-equiv="Content-Type" content="text/html;charset=utf-8" />
  <meta name='ocr-system' content='tesseract 3.04.00' />
  <meta name='ocr-capabilities' content='ocr_page ocr_carea ocr_par ocr_line ocrx_word'/>
</head>
<body>
  <div class='ocr_page' id='page_1' title='image "./marcellidemedic00unkngoog_0224.png"; bbox 0 0 2575 4092; ppageno 0'>
   <div class='ocr_carea' id='block_1_1' title="bbox 1087 238 1572 303">
    <p class='ocr_par' dir='ltr' id='par_1_1' title="bbox 1087 238 1572 303">
     <span class='ocr_line' id='line_1_1' title="bbox 1087 238 1572 303; baseline -0.002 0"><span class='ocrx_word' id='word_1_1' title='bbox 1087 274 1169 285; x_wconf 93' lang='lat'>—</span> <span class='ocrx_word' id='word_1_2' title='bbox 1265 238 1572 303; x_wconf 83' lang='lat'>204-</span> 
     </span>
    </p>
   </div>
   <div class='ocr_carea' id='block_1_2' title="bbox 216 397 2458 3417">
    <p class='ocr_par' dir='ltr' id='par_1_2' title="bbox 216 397 2361 748">
     <span class='ocr_line' id='line_1_2' title="bbox 216 397 2361 482; baseline -0.005 -14"><span class='ocrx_word' id='word_1_3' title='bbox 216 419 281 469; x_wconf 81' lang='lat'>77</span> <span class='ocrx_word' id='word_1_4' title='bbox 321 402 557 464; x_wconf 91' lang='lat' dir='ltr'>Urticae</span> <span class='ocrx_word' id='word_1_5' title='bbox 620 434 695 444; x_wconf 90' lang='lat'><strong>—</strong></span> <span class='ocrx_word' id='word_1_6' title='bbox 748 401 853 482; x_wconf 86' lang='lat' dir='ltr'>Ill,</span> <span class='ocrx_word' id='word_1_7' title='bbox 917 403 1026 461; x_wconf 88' lang='lat' dir='ltr'>iris</span> <span class='ocrx_word' id='word_1_8' title='bbox 1083 400 1419 462; x_wconf 79' lang='lat' dir='ltr'>Calidoniae</span> <span class='ocrx_word' id='word_1_9' title='bbox 1482 432 1558 444; x_wconf 94' lang='lat'>—</span> <span class='ocrx_word' id='word_1_10' title='bbox 1618 398 1725 478; x_wconf 89' lang='lat' dir='ltr'>Ill,</span> <span class='ocrx_word' id='word_1_11' title='bbox 1787 398 2032 459; x_wconf 81' lang='lat' dir='ltr'><strong>schoeni</strong></span> <span class='ocrx_word' id='word_1_12' title='bbox 2090 432 2167 442; x_wconf 91' lang='lat'><strong>—</strong></span> <span class='ocrx_word' id='word_1_13' title='bbox 2228 397 2361 479; x_wconf 94' lang='lat' dir='ltr'>IIII,</span> 
     </span>
     <span class='ocr_line' id='line_1_3' title="bbox 322 486 2359 573; baseline -0.002 -21"><span class='ocrx_word' id='word_1_14' title='bbox 322 494 525 572; x_wconf 79' lang='lat' dir='ltr'>cyperi</span> <span class='ocrx_word' id='word_1_15' title='bbox 571 525 656 534; x_wconf 91' lang='lat'>—-</span> <span class='ocrx_word' id='word_1_16' title='bbox 694 489 800 573; x_wconf 83' lang='lat'>111,</span> <span class='ocrx_word' id='word_1_17' title='bbox 857 509 1120 568; x_wconf 73' lang='lat' dir='ltr'>maginae</span> <span class='ocrx_word' id='word_1_18' title='bbox 1175 525 1249 533; x_wconf 89' lang='lat'><strong>—</strong></span> <span class='ocrx_word' id='word_1_19' title='bbox 1293 489 1399 571; x_wconf 85' lang='lat'>111,</span> <span class='ocrx_word' id='word_1_20' title='bbox 1455 488 1789 571; x_wconf 78' lang='lat' dir='ltr'>petrosilini</span> <span class='ocrx_word' id='word_1_21' title='bbox 1839 521 1916 531; x_wconf 92' lang='lat'>—</span> <span class='ocrx_word' id='word_1_22' title='bbox 1966 486 2101 569; x_wconf 87' lang='lat'>1111,</span> <span class='ocrx_word' id='word_1_23' title='bbox 2154 487 2359 548; x_wconf 89' lang='lat' dir='ltr'>inulae</span> 
     </span>
     <span class='ocr_line' id='line_1_4' title="bbox 320 576 2360 660; baseline -0.002 -20"><span class='ocrx_word' id='word_1_24' title='bbox 320 613 409 624; x_wconf 92' lang='grc'>-</span> <span class='ocrx_word' id='word_1_25' title='bbox 447 580 517 660; x_wconf 89' lang='lat' dir='ltr'>ll,</span> <span class='ocrx_word' id='word_1_26' title='bbox 563 582 791 658; x_wconf 86' lang='lat' dir='ltr'>piperis</span> <span class='ocrx_word' id='word_1_27' title='bbox 837 579 954 640; x_wconf 85' lang='lat' dir='ltr'>albi</span> <span class='ocrx_word' id='word_1_28' title='bbox 1005 613 1078 622; x_wconf 92' lang='lat'>—</span> <span class='ocrx_word' id='word_1_29' title='bbox 1121 578 1192 640; x_wconf 93' lang='lat'>11.</span> <span class='ocrx_word' id='word_1_30' title='bbox 1276 578 1448 640; x_wconf 90' lang='lat' dir='ltr'>Melle</span> <span class='ocrx_word' id='word_1_31' title='bbox 1497 576 1739 656; x_wconf 87' lang='lat' dir='ltr'>colliges</span> <span class='ocrx_word' id='word_1_32' title='bbox 1783 576 1930 637; x_wconf 89' lang='lat' dir='ltr'>haec</span> <span class='ocrx_word' id='word_1_33' title='bbox 1979 579 2174 637; x_wconf 90' lang='lat' dir='ltr'>omnia</span> <span class='ocrx_word' id='word_1_34' title='bbox 2211 578 2360 637; x_wconf 89' lang='lat' dir='ltr'>trita</span> 
     </span>
     <span class='ocr_line' id='line_1_5' title="bbox 323 666 2360 748; baseline -0.002 -19"><span class='ocrx_word' id='word_1_35' title='bbox 323 679 384 731; x_wconf 87' lang='lat' dir='ltr'>et</span> <span class='ocrx_word' id='word_1_36' title='bbox 420 671 612 730; x_wconf 89' lang='lat' dir='ltr'>uteris</span> <span class='ocrx_word' id='word_1_37' title='bbox 648 671 932 748; x_wconf 83' lang='lat' dir='ltr'>oxyporio</span> <span class='ocrx_word' id='word_1_38' title='bbox 971 671 1194 747; x_wconf 90' lang='lat' dir='ltr'>optimo</span> <span class='ocrx_word' id='word_1_39' title='bbox 1234 669 1308 729; x_wconf 89' lang='lat' dir='ltr'>ad</span> <span class='ocrx_word' id='word_1_40' title='bbox 1345 667 1753 746; x_wconf 90' lang='lat' dir='ltr'>digerendum,</span> <span class='ocrx_word' id='word_1_41' title='bbox 1785 666 1944 726; x_wconf 90' lang='lat' dir='ltr'>unde</span> <span class='ocrx_word' id='word_1_42' title='bbox 1975 669 2152 726; x_wconf 90' lang='lat' dir='ltr'>etiam</span> <span class='ocrx_word' id='word_1_43' title='bbox 2182 684 2360 726; x_wconf 90' lang='lat' dir='ltr'>cena-</span> 
     </span>
    </p>

    <p class='ocr_par' dir='ltr' id='par_1_3' title="bbox 218 756 2416 1015">
     <span class='ocr_line' id='line_1_6' title="bbox 218 756 2416 837; baseline -0.003 -16"><span class='ocrx_word' id='word_1_44' title='bbox 218 771 284 821; x_wconf 81' lang='lat'>78</span> <span class='ocrx_word' id='word_1_45' title='bbox 325 767 423 819; x_wconf 89' lang='lat' dir='ltr'>tus</span> <span class='ocrx_word' id='word_1_46' title='bbox 479 776 690 837; x_wconf 90' lang='lat' dir='ltr'>parum</span> <span class='ocrx_word' id='word_1_47' title='bbox 746 759 1018 837; x_wconf 80' lang='lat' dir='ltr'>accipies,</span> <span class='ocrx_word' id='word_1_48' title='bbox 1111 757 1259 819; x_wconf 87' lang='lat' dir='ltr'>Cum</span> <span class='ocrx_word' id='word_1_49' title='bbox 1315 765 1374 818; x_wconf 90' lang='lat' dir='ltr'>te</span> <span class='ocrx_word' id='word_1_50' title='bbox 1425 760 1487 818; x_wconf 92' lang='lat' dir='ltr'>in</span> <span class='ocrx_word' id='word_1_51' title='bbox 1535 756 1688 816; x_wconf 86' lang='lat' dir='ltr'>lecto</span> <span class='ocrx_word' id='word_1_52' title='bbox 1735 756 2035 837; x_wconf 78' lang='lat' dir='ltr'>posueriS,</span> <span class='ocrx_word' id='word_1_53' title='bbox 2083 764 2359 816; x_wconf 88' lang='lat' dir='ltr'>ventrem</span> <span class='ocrx_word' id='word_1_54' title='bbox 2388 772 2416 814; x_wconf 82' lang='lat'><strong>5</strong></span> 
     </span>
     <span class='ocr_line' id='line_1_7' title="bbox 325 845 2360 926; baseline -0.001 -19"><span class='ocrx_word' id='word_1_55' title='bbox 325 855 493 908; x_wconf 90' lang='lat' dir='ltr'>tuum</span> <span class='ocrx_word' id='word_1_56' title='bbox 533 847 862 926; x_wconf 81' lang='lat' dir='ltr'>perfricans</span> <span class='ocrx_word' id='word_1_57' title='bbox 901 847 1063 907; x_wconf 90' lang='lat' dir='ltr'>dices</span> <span class='ocrx_word' id='word_1_58' title='bbox 1102 856 1221 908; x_wconf 88' lang='lat' dir='ltr'>ter:</span> <span class='ocrx_word' id='word_1_59' title='bbox 1266 846 1472 925; x_wconf 88' lang='lat' dir='ltr'>Lupus</span> <span class='ocrx_word' id='word_1_60' title='bbox 1516 845 1638 906; x_wconf 88' lang='lat' dir='ltr'>ibat</span> <span class='ocrx_word' id='word_1_61' title='bbox 1675 862 1781 924; x_wconf 89' lang='lat' dir='ltr'>per</span> <span class='ocrx_word' id='word_1_62' title='bbox 1820 846 1990 925; x_wconf 90' lang='lat' dir='ltr'>viam,</span> <span class='ocrx_word' id='word_1_63' title='bbox 2035 862 2143 922; x_wconf 88' lang='lat' dir='ltr'>per</span> <span class='ocrx_word' id='word_1_64' title='bbox 2180 846 2360 905; x_wconf 91' lang='lat' dir='ltr'>semi-</span> 
     </span>
     <span class='ocr_line' id='line_1_8' title="bbox 326 932 2362 1015; baseline -0.002 -19"><span class='ocrx_word' id='word_1_65' title='bbox 326 946 461 1011; x_wconf 88' lang='lat' dir='ltr'>tam,</span> <span class='ocrx_word' id='word_1_66' title='bbox 510 936 694 996; x_wconf 88' lang='lat' dir='ltr'>cruda</span> <span class='ocrx_word' id='word_1_67' title='bbox 740 935 999 1015; x_wconf 85' lang='lat' dir='ltr'>vorabat,</span> <span class='ocrx_word' id='word_1_68' title='bbox 1044 935 1269 1014; x_wconf 92' lang='lat' dir='ltr'>liquida</span> <span class='ocrx_word' id='word_1_69' title='bbox 1315 934 1583 1015; x_wconf 82' lang='lat' dir='ltr'>hibebat3</span> <span class='ocrx_word' id='word_1_70' title='bbox 1636 933 1946 1013; x_wconf 87' lang='lat' dir='ltr'>physicum</span> <span class='ocrx_word' id='word_1_71' title='bbox 1991 932 2104 993; x_wconf 91' lang='lat' dir='ltr'>hoc</span> <span class='ocrx_word' id='word_1_72' title='bbox 2153 932 2226 992; x_wconf 92' lang='lat' dir='ltr'>ad</span> <span class='ocrx_word' id='word_1_73' title='bbox 2273 932 2362 993; x_wconf 87' lang='lat' dir='ltr'>di-</span> 
     </span>
    </p>

    <p class='ocr_par' dir='ltr' id='par_1_4' title="bbox 223 1021 2365 1192">
     <span class='ocr_line' id='line_1_9' title="bbox 223 1021 2362 1104; baseline -0.003 -17"><span class='ocrx_word' id='word_1_74' title='bbox 223 1038 290 1087; x_wconf 79' lang='lat'>79</span> <span class='ocrx_word' id='word_1_75' title='bbox 331 1025 659 1104; x_wconf 89' lang='lat' dir='ltr'>gerendum</span> <span class='ocrx_word' id='word_1_76' title='bbox 706 1024 780 1084; x_wconf 96' lang='lat' dir='ltr'>de</span> <span class='ocrx_word' id='word_1_77' title='bbox 828 1026 1235 1103; x_wconf 82' lang='lat' dir='ltr'>experimento</span> <span class='ocrx_word' id='word_1_78' title='bbox 1282 1026 1428 1085; x_wconf 88' lang='lat' dir='ltr'>satis</span> <span class='ocrx_word' id='word_1_79' title='bbox 1476 1024 1638 1086; x_wconf 90' lang='lat' dir='ltr'>utile.</span> <span class='ocrx_word' id='word_1_80' title='bbox 1707 1021 1980 1084; x_wconf 89' lang='lat' dir='ltr'>Puleium</span> <span class='ocrx_word' id='word_1_81' title='bbox 2028 1028 2088 1082; x_wconf 92' lang='lat' dir='ltr'>et</span> <span class='ocrx_word' id='word_1_82' title='bbox 2125 1029 2362 1083; x_wconf 89' lang='lat' dir='ltr'>nastur-</span> 
     </span>
     <span class='ocr_line' id='line_1_10' title="bbox 331 1109 2365 1192; baseline -0.002 -17"><span class='ocrx_word' id='word_1_83' title='bbox 331 1117 490 1175; x_wconf 89' lang='lat' dir='ltr'>cium</span> <span class='ocrx_word' id='word_1_84' title='bbox 538 1133 610 1172; x_wconf 87' lang='lat' dir='ltr'>ex</span> <span class='ocrx_word' id='word_1_85' title='bbox 657 1131 808 1191; x_wconf 89' lang='lat' dir='ltr'>aqua</span> <span class='ocrx_word' id='word_1_86' title='bbox 856 1112 1031 1172; x_wconf 90' lang='lat' dir='ltr'>simul</span> <span class='ocrx_word' id='word_1_87' title='bbox 1078 1112 1392 1174; x_wconf 90' lang='lat' dir='ltr'>decoctum</span> <span class='ocrx_word' id='word_1_88' title='bbox 1438 1130 1611 1173; x_wconf 89' lang='lat' dir='ltr'>mane</span> <span class='ocrx_word' id='word_1_89' title='bbox 1658 1110 1820 1192; x_wconf 91' lang='lat' dir='ltr'>bibe,</span> <span class='ocrx_word' id='word_1_90' title='bbox 1876 1109 2219 1172; x_wconf 87' lang='lat' dir='ltr'>emendabis</span> <span class='ocrx_word' id='word_1_91' title='bbox 2266 1110 2365 1171; x_wconf 88' lang='lat' dir='ltr'>vel</span> 
     </span>
    </p>

    <p class='ocr_par' dir='ltr' id='par_1_5' title="bbox 220 1199 2451 1279">
     <span class='ocr_line' id='line_1_11' title="bbox 220 1199 2451 1279; baseline -0.003 -15"><span class='ocrx_word' id='word_1_92' title='bbox 220 1216 289 1264; x_wconf 86' lang='grc'>80</span> <span class='ocrx_word' id='word_1_93' title='bbox 330 1202 617 1262; x_wconf 87' lang='lat' dir='ltr'>discuties</span> <span class='ocrx_word' id='word_1_94' title='bbox 655 1201 1027 1261; x_wconf 88' lang='lat' dir='ltr'>cruditatem.</span> <span class='ocrx_word' id='word_1_95' title='bbox 1102 1200 1374 1271; x_wconf 88' lang='lat' dir='ltr'>Quercus</span> <span class='ocrx_word' id='word_1_96' title='bbox 1403 1201 1609 1262; x_wconf 81' lang='lat' dir='ltr'>viridis</span> <span class='ocrx_word' id='word_1_97' title='bbox 1638 1200 1774 1261; x_wconf 87' lang='lat' dir='ltr'>folia</span> <span class='ocrx_word' id='word_1_98' title='bbox 1804 1219 1943 1262; x_wconf 89' lang='lat' dir='ltr'>cum</span> <span class='ocrx_word' id='word_1_99' title='bbox 1972 1199 2111 1261; x_wconf 91' lang='lat' dir='ltr'>salis</span> <span class='ocrx_word' id='word_1_100' title='bbox 2149 1218 2365 1279; x_wconf 86' lang='lat' dir='ltr'>spuma</span> <span class='ocrx_word' id='word_1_101' title='bbox 2393 1219 2451 1257; x_wconf 83' lang='lat'>10</span> 
     </span>
    </p>

    <p class='ocr_par' dir='ltr' id='par_1_6' title="bbox 221 1289 2365 1548">
     <span class='ocr_line' id='line_1_12' title="bbox 221 1289 2364 1367; baseline -0.001 -16"><span class='ocrx_word' id='word_1_102' title='bbox 221 1304 288 1352; x_wconf 85' lang='lat'>81</span> <span class='ocrx_word' id='word_1_103' title='bbox 330 1292 586 1351; x_wconf 83' lang='lat' dir='ltr'>contrita</span> <span class='ocrx_word' id='word_1_104' title='bbox 635 1300 694 1350; x_wconf 86' lang='lat' dir='ltr'>et</span> <span class='ocrx_word' id='word_1_105' title='bbox 732 1292 902 1367; x_wconf 91' lang='lat' dir='ltr'>potui</span> <span class='ocrx_word' id='word_1_106' title='bbox 938 1290 1070 1350; x_wconf 85' lang='lat' dir='ltr'>data</span> <span class='ocrx_word' id='word_1_107' title='bbox 1109 1291 1443 1352; x_wconf 88' lang='lat' dir='ltr'>remediant</span> <span class='ocrx_word' id='word_1_108' title='bbox 1479 1291 1851 1351; x_wconf 90' lang='lat' dir='ltr'>cruditatem.</span> <span class='ocrx_word' id='word_1_109' title='bbox 1912 1289 2169 1350; x_wconf 88' lang='lat' dir='ltr'>Acorum</span> <span class='ocrx_word' id='word_1_110' title='bbox 2207 1289 2364 1350; x_wconf 91' lang='lat' dir='ltr'>Pon·</span> 
     </span>
     <span class='ocr_line' id='line_1_13' title="bbox 327 1378 2365 1458; baseline -0.001 -18"><span class='ocrx_word' id='word_1_111' title='bbox 327 1381 514 1440; x_wconf 89' lang='lat' dir='ltr'>ticum</span> <span class='ocrx_word' id='word_1_112' title='bbox 561 1381 768 1439; x_wconf 89' lang='lat' dir='ltr'>tritum</span> <span class='ocrx_word' id='word_1_113' title='bbox 817 1397 891 1439; x_wconf 81' lang='lat' dir='ltr'>ex</span> <span class='ocrx_word' id='word_1_114' title='bbox 936 1396 1089 1457; x_wconf 89' lang='lat' dir='ltr'>aqua</span> <span class='ocrx_word' id='word_1_115' title='bbox 1135 1379 1323 1440; x_wconf 90' lang='lat' dir='ltr'>calida</span> <span class='ocrx_word' id='word_1_116' title='bbox 1370 1387 1578 1458; x_wconf 90' lang='lat' dir='ltr'>potum</span> <span class='ocrx_word' id='word_1_117' title='bbox 1625 1396 1903 1440; x_wconf 87' lang='lat' dir='ltr'>mensura</span> <span class='ocrx_word' id='word_1_118' title='bbox 1942 1378 2137 1458; x_wconf 83' lang='lat' dir='ltr'>cyathi</span> <span class='ocrx_word' id='word_1_119' title='bbox 2178 1380 2365 1439; x_wconf 88' lang='lat' dir='ltr'>unius</span> 
     </span>
     <span class='ocr_line' id='line_1_14' title="bbox 329 1467 1825 1548; baseline -0.001 -19"><span class='ocrx_word' id='word_1_120' title='bbox 329 1469 517 1529; x_wconf 88' lang='lat' dir='ltr'>ieiuni</span> <span class='ocrx_word' id='word_1_121' title='bbox 564 1467 935 1528; x_wconf 88' lang='lat' dir='ltr'>stomachum</span> <span class='ocrx_word' id='word_1_122' title='bbox 982 1469 1175 1530; x_wconf 83' lang='lat' dir='ltr'>reficit</span> <span class='ocrx_word' id='word_1_123' title='bbox 1222 1469 1515 1530; x_wconf 88' lang='lat' dir='ltr'>cruditate</span> <span class='ocrx_word' id='word_1_124' title='bbox 1564 1467 1825 1548; x_wconf 87' lang='lat' dir='ltr'>depulsa.</span> 
     </span>
    </p>

    <p class='ocr_par' dir='ltr' id='par_1_7' title="bbox 223 1555 2453 1903">
     <span class='ocr_line' id='line_1_15' title="bbox 223 1555 2365 1637; baseline -0.001 -18"><span class='ocrx_word' id='word_1_125' title='bbox 223 1571 291 1619; x_wconf 80' lang='lat'>82</span> <span class='ocrx_word' id='word_1_126' title='bbox 508 1555 634 1636; x_wconf 83' lang='lat' dir='ltr'>His,</span> <span class='ocrx_word' id='word_1_127' title='bbox 674 1559 777 1636; x_wconf 89' lang='lat' dir='ltr'>qui</span> <span class='ocrx_word' id='word_1_128' title='bbox 814 1575 924 1618; x_wconf 93' lang='lat' dir='ltr'>nec</span> <span class='ocrx_word' id='word_1_129' title='bbox 953 1567 1099 1637; x_wconf 88' lang='lat' dir='ltr'>potu</span> <span class='ocrx_word' id='word_1_130' title='bbox 1128 1560 1410 1618; x_wconf 86' lang='lat' dir='ltr'>iuvantur</span> <span class='ocrx_word' id='word_1_131' title='bbox 1437 1576 1549 1618; x_wconf 92' lang='lat' dir='ltr'>nec</span> <span class='ocrx_word' id='word_1_132' title='bbox 1579 1557 1713 1618; x_wconf 94' lang='lat' dir='ltr'>cibo</span> <span class='ocrx_word' id='word_1_133' title='bbox 1744 1565 1804 1617; x_wconf 93' lang='lat' dir='ltr'>et</span> <span class='ocrx_word' id='word_1_134' title='bbox 1832 1556 2123 1617; x_wconf 85' lang='lat' dir='ltr'>stomachi</span> <span class='ocrx_word' id='word_1_135' title='bbox 2149 1565 2365 1617; x_wconf 88' lang='lat' dir='ltr'>ructus</span> 
     </span>
     <span class='ocr_line' id='line_1_16' title="bbox 330 1645 2453 1726; baseline -0.003 -19"><span class='ocrx_word' id='word_1_136' title='bbox 330 1664 562 1707; x_wconf 91' lang='lat' dir='ltr'>amaros</span> <span class='ocrx_word' id='word_1_137' title='bbox 607 1647 936 1725; x_wconf 86' lang='lat' dir='ltr'>patiuntur,</span> <span class='ocrx_word' id='word_1_138' title='bbox 984 1654 1382 1726; x_wconf 86' lang='lat' dir='ltr'>centauream,</span> <span class='ocrx_word' id='word_1_139' title='bbox 1430 1647 1488 1707; x_wconf 89' lang='lat' dir='ltr'>id</span> <span class='ocrx_word' id='word_1_140' title='bbox 1539 1655 1631 1707; x_wconf 87' lang='lat' dir='ltr'>est</span> <span class='ocrx_word' id='word_1_141' title='bbox 1667 1645 1747 1706; x_wconf 85' lang='lat' dir='ltr'>l&#39;el</span> <span class='ocrx_word' id='word_1_142' title='bbox 1785 1655 1997 1725; x_wconf 87' lang='lat' dir='ltr'>terrae,</span> <span class='ocrx_word' id='word_1_143' title='bbox 2045 1647 2366 1707; x_wconf 82' lang='lat' dir='ltr'>contritam</span> <span class='ocrx_word' id='word_1_144' title='bbox 2394 1660 2453 1701; x_wconf 78' lang='lat'>15</span> 
     </span>
     <span class='ocr_line' id='line_1_17' title="bbox 331 1733 2366 1815; baseline 0 -21"><span class='ocrx_word' id='word_1_145' title='bbox 331 1735 404 1795; x_wconf 91' lang='lat' dir='ltr'>ad</span> <span class='ocrx_word' id='word_1_146' title='bbox 435 1753 775 1795; x_wconf 88' lang='lat' dir='ltr'>mensuram</span> <span class='ocrx_word' id='word_1_147' title='bbox 803 1734 1031 1795; x_wconf 90' lang='lat' dir='ltr'>denarii</span> <span class='ocrx_word' id='word_1_148' title='bbox 1060 1738 1329 1814; x_wconf 88' lang='lat' dir='ltr'>argentei</span> <span class='ocrx_word' id='word_1_149' title='bbox 1357 1755 1425 1795; x_wconf 89' lang='lat' dir='ltr'>ex</span> <span class='ocrx_word' id='word_1_150' title='bbox 1456 1753 1643 1815; x_wconf 89' lang='lat' dir='ltr'>aquae</span> <span class='ocrx_word' id='word_1_151' title='bbox 1673 1734 1895 1796; x_wconf 91' lang='lat' dir='ltr'>calidae</span> <span class='ocrx_word' id='word_1_152' title='bbox 1916 1735 2142 1814; x_wconf 79' lang='lat' dir='ltr'>cyathis</span> <span class='ocrx_word' id='word_1_153' title='bbox 2166 1733 2366 1795; x_wconf 85' lang='lat' dir='ltr'>tribus</span> 
     </span>
     <span class='ocr_line' id='line_1_18' title="bbox 330 1822 2366 1903; baseline -0 -19"><span class='ocrx_word' id='word_1_154' title='bbox 330 1822 646 1884; x_wconf 86' lang='lat' dir='ltr'>bibendam</span> <span class='ocrx_word' id='word_1_155' title='bbox 680 1826 899 1884; x_wconf 89' lang='lat' dir='ltr'>ieiunis</span> <span class='ocrx_word' id='word_1_156' title='bbox 935 1843 1045 1903; x_wconf 89' lang='lat' dir='ltr'>per</span> <span class='ocrx_word' id='word_1_157' title='bbox 1072 1826 1338 1886; x_wconf 89' lang='lat' dir='ltr'>triduum</span> <span class='ocrx_word' id='word_1_158' title='bbox 1369 1823 1553 1899; x_wconf 81' lang='lat' dir='ltr'>dabis,</span> <span class='ocrx_word' id='word_1_159' title='bbox 1592 1826 1791 1885; x_wconf 87' lang='lat' dir='ltr'>statim</span> <span class='ocrx_word' id='word_1_160' title='bbox 1819 1823 2175 1884; x_wconf 87' lang='lat' dir='ltr'>discutietur</span> <span class='ocrx_word' id='word_1_161' title='bbox 2202 1825 2366 1884; x_wconf 88' lang='lat' dir='ltr'>infir·</span> 
     </span>
    </p>

    <p class='ocr_par' dir='ltr' id='par_1_8' title="bbox 224 1911 2370 1995">
     <span class='ocr_line' id='line_1_19' title="bbox 224 1911 2370 1995; baseline 0 -23"><span class='ocrx_word' id='word_1_162' title='bbox 224 1924 292 1973; x_wconf 85' lang='lat'>83</span> <span class='ocrx_word' id='word_1_163' title='bbox 330 1914 522 1973; x_wconf 80' lang='lat' dir='ltr'>mitaS.</span> <span class='ocrx_word' id='word_1_164' title='bbox 572 1911 798 1973; x_wconf 90' lang='lat' dir='ltr'>Sucum</span> <span class='ocrx_word' id='word_1_165' title='bbox 826 1913 1101 1995; x_wconf 84' lang='lat' dir='ltr'>absinthi,</span> <span class='ocrx_word' id='word_1_166' title='bbox 1132 1932 1308 1993; x_wconf 91' lang='lat' dir='ltr'>quem</span> <span class='ocrx_word' id='word_1_167' title='bbox 1339 1913 1551 1974; x_wconf 90' lang='lat' dir='ltr'>Graeci</span> <span class='ocrx_word' id='word_1_168' title='bbox 1577 1913 1791 1993; x_wconf 81' lang='lat' dir='ltr'>chylon</span> <span class='ocrx_word' id='word_1_169' title='bbox 1812 1912 2114 1974; x_wconf 90' lang='lat' dir='ltr'>absinthiu</span> <span class='ocrx_word' id='word_1_170' title='bbox 2135 1921 2370 1990; x_wconf 87' lang='lat' dir='ltr'>vocant,</span> 
     </span>
    </p>

    <p class='ocr_par' dir='ltr' id='par_1_9' title="bbox 276 2001 2455 2259">
     <span class='ocr_line' id='line_1_20' title="bbox 276 2001 2366 2082; baseline 0 -20"><span class='ocrx_word' id='word_1_171' title='bbox 276 2042 279 2043; x_wconf 24' lang='grc' dir='ltr'><em>ν</em></span> <span class='ocrx_word' id='word_1_172' title='bbox 332 2002 627 2062; x_wconf 87' lang='lat' dir='ltr'>avellanae</span> <span class='ocrx_word' id='word_1_173' title='bbox 683 2003 1088 2080; x_wconf 87' lang='lat' dir='ltr'>magnitudine</span> <span class='ocrx_word' id='word_1_174' title='bbox 1145 2006 1206 2063; x_wconf 88' lang='lat' dir='ltr'>in</span> <span class='ocrx_word' id='word_1_175' title='bbox 1264 2021 1452 2082; x_wconf 91' lang='lat' dir='ltr'>aquae</span> <span class='ocrx_word' id='word_1_176' title='bbox 1510 2002 1732 2063; x_wconf 90' lang='lat' dir='ltr'>calidae</span> <span class='ocrx_word' id='word_1_177' title='bbox 1796 2004 2097 2081; x_wconf 86' lang='lat' dir='ltr'>quartario</span> <span class='ocrx_word' id='word_1_178' title='bbox 2156 2001 2366 2062; x_wconf 91' lang='lat' dir='ltr'>biben-</span> 
     </span>
     <span class='ocr_line' id='line_1_21' title="bbox 333 2090 2455 2172; baseline -0.001 -22"><span class='ocrx_word' id='word_1_179' title='bbox 333 2091 472 2151; x_wconf 89' lang='lat' dir='ltr'>dum</span> <span class='ocrx_word' id='word_1_180' title='bbox 522 2090 595 2150; x_wconf 90' lang='lat' dir='ltr'>da</span> <span class='ocrx_word' id='word_1_181' title='bbox 631 2092 860 2172; x_wconf 82' lang='lat' dir='ltr'>ieiun03</span> <span class='ocrx_word' id='word_1_182' title='bbox 899 2099 1292 2170; x_wconf 89' lang='lat' dir='ltr'>componetur</span> <span class='ocrx_word' id='word_1_183' title='bbox 1339 2091 1681 2152; x_wconf 86' lang='lat' dir='ltr'>stomachus</span> <span class='ocrx_word' id='word_1_184' title='bbox 1729 2098 1788 2152; x_wconf 90' lang='lat' dir='ltr'>et</span> <span class='ocrx_word' id='word_1_185' title='bbox 1834 2091 2234 2169; x_wconf 86' lang='lat' dir='ltr'>adpetentiam</span> <span class='ocrx_word' id='word_1_186' title='bbox 2280 2094 2364 2151; x_wconf 91' lang='lat' dir='ltr'>ci-</span> <span class='ocrx_word' id='word_1_187' title='bbox 2395 2105 2455 2146; x_wconf 69' lang='lat' dir='ltr'>so</span> 
     </span>
     <span class='ocr_line' id='line_1_22' title="bbox 331 2177 2367 2259; baseline 0.002 -22"><span class='ocrx_word' id='word_1_188' title='bbox 331 2178 547 2238; x_wconf 89' lang='lat' dir='ltr'>borum</span> <span class='ocrx_word' id='word_1_189' title='bbox 592 2177 859 2259; x_wconf 90' lang='lat' dir='ltr'>habebit,</span> <span class='ocrx_word' id='word_1_190' title='bbox 907 2181 1177 2258; x_wconf 89' lang='lat' dir='ltr'>quisquis</span> <span class='ocrx_word' id='word_1_191' title='bbox 1224 2183 1486 2258; x_wconf 89' lang='lat' dir='ltr'>patietur</span> <span class='ocrx_word' id='word_1_192' title='bbox 1532 2199 1605 2239; x_wconf 81' lang='lat' dir='ltr'>ex</span> <span class='ocrx_word' id='word_1_193' title='bbox 1650 2180 1994 2241; x_wconf 89' lang='lat' dir='ltr'>infirmitate</span> <span class='ocrx_word' id='word_1_194' title='bbox 2041 2180 2367 2241; x_wconf 84' lang='lat' dir='ltr'>fastidium.</span> 
     </span>
    </p>

    <p class='ocr_par' dir='ltr' id='par_1_10' title="bbox 225 2266 2458 3417">
     <span class='ocr_line' id='line_1_23' title="bbox 225 2266 2370 2350; baseline 0 -22"><span class='ocrx_word' id='word_1_195' title='bbox 225 2279 294 2328; x_wconf 84' lang='lat'>84</span> <span class='ocrx_word' id='word_1_196' title='bbox 512 2266 876 2346; x_wconf 82' lang='lat' dir='ltr'>Oxyporium</span> <span class='ocrx_word' id='word_1_197' title='bbox 922 2270 1141 2328; x_wconf 90' lang='lat' dir='ltr'>mirum</span> <span class='ocrx_word' id='word_1_198' title='bbox 1189 2268 1593 2330; x_wconf 89' lang='lat' dir='ltr'>Neronianum</span> <span class='ocrx_word' id='word_1_199' title='bbox 1640 2271 1929 2329; x_wconf 89' lang='lat' dir='ltr'>aestivum</span> <span class='ocrx_word' id='word_1_200' title='bbox 1986 2278 2046 2329; x_wconf 89' lang='lat' dir='ltr'>et</span> <span class='ocrx_word' id='word_1_201' title='bbox 2091 2267 2370 2350; x_wconf 89' lang='lat' dir='ltr'>hiemale,</span> 
     </span>
     <span class='ocr_line' id='line_1_24' title="bbox 333 2355 2367 2438; baseline 0.002 -24"><span class='ocrx_word' id='word_1_202' title='bbox 333 2358 385 2415; x_wconf 90' lang='lat' dir='ltr'>si</span> <span class='ocrx_word' id='word_1_203' title='bbox 423 2357 478 2414; x_wconf 91' lang='lat' dir='ltr'>ei</span> <span class='ocrx_word' id='word_1_204' title='bbox 518 2373 655 2415; x_wconf 89' lang='lat' dir='ltr'>cum</span> <span class='ocrx_word' id='word_1_205' title='bbox 693 2355 953 2416; x_wconf 88' lang='lat' dir='ltr'>volueris</span> <span class='ocrx_word' id='word_1_206' title='bbox 991 2358 1215 2436; x_wconf 91' lang='lat' dir='ltr'>piperis</span> <span class='ocrx_word' id='word_1_207' title='bbox 1254 2356 1475 2435; x_wconf 87' lang='lat' dir='ltr'>aliquid</span> <span class='ocrx_word' id='word_1_208' title='bbox 1515 2358 1823 2438; x_wconf 80' lang='lat' dir='ltr'>adieceriS,</span> <span class='ocrx_word' id='word_1_209' title='bbox 1863 2357 2021 2437; x_wconf 92' lang='lat' dir='ltr'>quod</span> <span class='ocrx_word' id='word_1_210' title='bbox 2058 2357 2367 2418; x_wconf 85' lang='lat' dir='ltr'>fastidium</span> 
     </span>
     <span class='ocr_line' id='line_1_25' title="bbox 335 2443 2368 2526; baseline 0.001 -22"><span class='ocrx_word' id='word_1_211' title='bbox 335 2443 625 2504; x_wconf 87' lang='lat' dir='ltr'>stomachi</span> <span class='ocrx_word' id='word_1_212' title='bbox 670 2462 1119 2523; x_wconf 89' lang='lat' dir='ltr'>marcoremque</span> <span class='ocrx_word' id='word_1_213' title='bbox 1168 2445 1451 2526; x_wconf 87' lang='lat' dir='ltr'>detergit,</span> <span class='ocrx_word' id='word_1_214' title='bbox 1508 2448 1824 2508; x_wconf 84' lang='lat' dir='ltr'>conficitur</span> <span class='ocrx_word' id='word_1_215' title='bbox 1880 2449 1992 2509; x_wconf 90' lang='lat' dir='ltr'>sic:</span> <span class='ocrx_word' id='word_1_216' title='bbox 2056 2447 2122 2507; x_wconf 91' lang='lat' dir='ltr'>In</span> <span class='ocrx_word' id='word_1_217' title='bbox 2178 2451 2368 2509; x_wconf 89' lang='lat' dir='ltr'>musti</span> 
     </span>
     <span class='ocr_line' id='line_1_26' title="bbox 333 2533 2456 2615; baseline 0 -22"><span class='ocrx_word' id='word_1_218' title='bbox 333 2535 594 2593; x_wconf 89' lang='lat' dir='ltr'>recentis</span> <span class='ocrx_word' id='word_1_219' title='bbox 642 2540 702 2592; x_wconf 91' lang='lat' dir='ltr'>et</span> <span class='ocrx_word' id='word_1_220' title='bbox 748 2533 940 2594; x_wconf 90' lang='lat' dir='ltr'>dulcis</span> <span class='ocrx_word' id='word_1_221' title='bbox 977 2536 1188 2612; x_wconf 89' lang='lat' dir='ltr'>congio</span> <span class='ocrx_word' id='word_1_222' title='bbox 1229 2554 1301 2595; x_wconf 86' lang='lat' dir='ltr'>ex</span> <span class='ocrx_word' id='word_1_223' title='bbox 1339 2538 1469 2596; x_wconf 90' lang='lat' dir='ltr'>uvis</span> <span class='ocrx_word' id='word_1_224' title='bbox 1506 2535 1656 2596; x_wconf 89' lang='lat' dir='ltr'>albis</span> <span class='ocrx_word' id='word_1_225' title='bbox 1693 2536 1836 2596; x_wconf 88' lang='lat' dir='ltr'>facti</span> <span class='ocrx_word' id='word_1_226' title='bbox 1872 2545 2050 2615; x_wconf 91' lang='lat' dir='ltr'>atque</span> <span class='ocrx_word' id='word_1_227' title='bbox 2086 2538 2148 2596; x_wconf 90' lang='lat' dir='ltr'>in</span> <span class='ocrx_word' id='word_1_228' title='bbox 2188 2535 2368 2597; x_wconf 89' lang='lat' dir='ltr'>ollam</span> <span class='ocrx_word' id='word_1_229' title='bbox 2397 2552 2456 2593; x_wconf 77' lang='lat'>25</span> 
     </span>
     <span class='ocr_line' id='line_1_27' title="bbox 333 2622 2369 2704; baseline 0.002 -23"><span class='ocrx_word' id='word_1_230' title='bbox 333 2622 616 2700; x_wconf 82' lang='lat' dir='ltr'>grandem</span> <span class='ocrx_word' id='word_1_231' title='bbox 663 2624 832 2682; x_wconf 90' lang='lat' dir='ltr'>missi</span> <span class='ocrx_word' id='word_1_232' title='bbox 878 2623 1179 2684; x_wconf 89' lang='lat' dir='ltr'>adduntur</span> <span class='ocrx_word' id='word_1_233' title='bbox 1225 2624 1484 2704; x_wconf 84' lang='lat' dir='ltr'>cydonea</span> <span class='ocrx_word' id='word_1_234' title='bbox 1533 2624 1578 2682; x_wconf 95' lang='lat' dir='ltr'>V</span> <span class='ocrx_word' id='word_1_235' title='bbox 1629 2643 1748 2685; x_wconf 90' lang='lat' dir='ltr'>non</span> <span class='ocrx_word' id='word_1_236' title='bbox 1795 2633 2044 2704; x_wconf 89' lang='lat' dir='ltr'>purgata</span> <span class='ocrx_word' id='word_1_237' title='bbox 2089 2625 2369 2686; x_wconf 85' lang='lat' dir='ltr'>totidem-</span> 
     </span>
     <span class='ocr_line' id='line_1_28' title="bbox 337 2710 2370 2793; baseline 0.002 -22"><span class='ocrx_word' id='word_1_238' title='bbox 337 2729 452 2788; x_wconf 89' lang='lat' dir='ltr'>que</span> <span class='ocrx_word' id='word_1_239' title='bbox 498 2710 648 2770; x_wconf 90' lang='lat' dir='ltr'>mala</span> <span class='ocrx_word' id='word_1_240' title='bbox 694 2711 945 2793; x_wconf 90' lang='lat' dir='ltr'>Punica,</span> <span class='ocrx_word' id='word_1_241' title='bbox 1001 2711 1239 2773; x_wconf 90' lang='lat' dir='ltr'>additur</span> <span class='ocrx_word' id='word_1_242' title='bbox 1285 2721 1347 2785; x_wconf 85' lang='lat' dir='ltr'>et</span> <span class='ocrx_word' id='word_1_243' title='bbox 1392 2712 1707 2774; x_wconf 88' lang='lat' dir='ltr'>sorborum</span> <span class='ocrx_word' id='word_1_244' title='bbox 1754 2722 2126 2775; x_wconf 88' lang='lat' dir='ltr'>maturorum</span> <span class='ocrx_word' id='word_1_245' title='bbox 2172 2722 2370 2776; x_wconf 83' lang='lat' dir='ltr'>sexta-</span> 
     </span>
     <span class='ocr_line' id='line_1_29' title="bbox 334 2799 2371 2881; baseline 0.002 -22"><span class='ocrx_word' id='word_1_246' title='bbox 334 2801 463 2860; x_wconf 88' lang='lat' dir='ltr'>rius</span> <span class='ocrx_word' id='word_1_247' title='bbox 511 2808 571 2860; x_wconf 86' lang='lat' dir='ltr'>et</span> <span class='ocrx_word' id='word_1_248' title='bbox 615 2799 763 2860; x_wconf 93' lang='lat' dir='ltr'>rhus</span> <span class='ocrx_word' id='word_1_249' title='bbox 812 2801 1039 2880; x_wconf 80' lang='lat' dir='ltr'>Syriaci</span> <span class='ocrx_word' id='word_1_250' title='bbox 1086 2804 1408 2881; x_wconf 79' lang='lat' dir='ltr'>sextariuS,</span> <span class='ocrx_word' id='word_1_251' title='bbox 1455 2805 1619 2862; x_wconf 90' lang='lat' dir='ltr'>croci</span> <span class='ocrx_word' id='word_1_252' title='bbox 1664 2802 1982 2881; x_wconf 70' lang='lat' dir='ltr'>scripulus</span> <span class='ocrx_word' id='word_1_253' title='bbox 2062 2802 2221 2863; x_wconf 86' lang='lat' dir='ltr'>Haec</span> <span class='ocrx_word' id='word_1_254' title='bbox 2268 2821 2371 2863; x_wconf 88' lang='lat' dir='ltr'>co-</span> 
     </span>
     <span class='ocr_line' id='line_1_30' title="bbox 335 2889 2370 2973; baseline 0.001 -24"><span class='ocrx_word' id='word_1_255' title='bbox 335 2898 605 2968; x_wconf 89' lang='lat' dir='ltr'>quuntur</span> <span class='ocrx_word' id='word_1_256' title='bbox 652 2907 843 2968; x_wconf 91' lang='lat' dir='ltr'>usque</span> <span class='ocrx_word' id='word_1_257' title='bbox 891 2889 962 2950; x_wconf 91' lang='lat' dir='ltr'>ad</span> <span class='ocrx_word' id='word_1_258' title='bbox 1010 2890 1468 2951; x_wconf 88' lang='lat' dir='ltr'>crassitudinem</span> <span class='ocrx_word' id='word_1_259' title='bbox 1514 2891 1733 2973; x_wconf 89' lang='lat' dir='ltr'>mellis,</span> <span class='ocrx_word' id='word_1_260' title='bbox 1793 2899 1999 2971; x_wconf 88' lang='lat' dir='ltr'>postea</span> <span class='ocrx_word' id='word_1_261' title='bbox 2047 2891 2370 2969; x_wconf 87' lang='lat' dir='ltr'>diligenter</span> 
     </span>
     <span class='ocr_line' id='line_1_31' title="bbox 336 2978 2458 3062; baseline 0 -25"><span class='ocrx_word' id='word_1_262' title='bbox 336 2978 635 3059; x_wconf 81' lang='lat' dir='ltr'>colantur3</span> <span class='ocrx_word' id='word_1_263' title='bbox 672 2981 1001 3057; x_wconf 88' lang='lat' dir='ltr'>repositum</span> <span class='ocrx_word' id='word_1_264' title='bbox 1039 2979 1409 3040; x_wconf 90' lang='lat' dir='ltr'>medicamen</span> <span class='ocrx_word' id='word_1_265' title='bbox 1448 2986 1718 3040; x_wconf 84' lang='lat' dir='ltr'>servatur</span> <span class='ocrx_word' id='word_1_266' title='bbox 1756 2981 1817 3040; x_wconf 93' lang='lat' dir='ltr'>in</span> <span class='ocrx_word' id='word_1_267' title='bbox 1855 2983 2008 3041; x_wconf 84' lang='lat' dir='ltr'>vitro</span> <span class='ocrx_word' id='word_1_268' title='bbox 2047 2982 2369 3062; x_wconf 88' lang='lat' dir='ltr'>signatum,</span> <span class='ocrx_word' id='word_1_269' title='bbox 2399 2998 2458 3038; x_wconf 78' lang='lat' dir='ltr'>ao</span> 
     </span>
     <span class='ocr_line' id='line_1_32' title="bbox 338 3066 2368 3147; baseline 0.002 -22"><span class='ocrx_word' id='word_1_270' title='bbox 338 3066 442 3125; x_wconf 91' lang='lat' dir='ltr'>sed</span> <span class='ocrx_word' id='word_1_271' title='bbox 490 3070 731 3127; x_wconf 91' lang='lat' dir='ltr'>omnino</span> <span class='ocrx_word' id='word_1_272' title='bbox 778 3068 1094 3146; x_wconf 85' lang='lat' dir='ltr'>diligenter</span> <span class='ocrx_word' id='word_1_273' title='bbox 1142 3068 1426 3147; x_wconf 87' lang='lat' dir='ltr'>colatum,</span> <span class='ocrx_word' id='word_1_274' title='bbox 1482 3076 1549 3129; x_wconf 88' lang='lat' dir='ltr'>ut</span> <span class='ocrx_word' id='word_1_275' title='bbox 1604 3078 1983 3130; x_wconf 85' lang='lat' dir='ltr'>excrementa</span> <span class='ocrx_word' id='word_1_276' title='bbox 2028 3072 2225 3130; x_wconf 92' lang='lat' dir='ltr'>omnia</span> <span class='ocrx_word' id='word_1_277' title='bbox 2273 3088 2368 3130; x_wconf 91' lang='lat' dir='ltr'>se-</span> 
     </span>
     <span class='ocr_line' id='line_1_33' title="bbox 334 3156 2371 3237; baseline 0.003 -23"><span class='ocrx_word' id='word_1_278' title='bbox 334 3164 652 3237; x_wconf 81' lang='lat' dir='ltr'>parentur3</span> <span class='ocrx_word' id='word_1_279' title='bbox 699 3156 838 3218; x_wconf 91' lang='lat' dir='ltr'>inde</span> <span class='ocrx_word' id='word_1_280' title='bbox 886 3157 1060 3218; x_wconf 87' lang='lat' dir='ltr'>datur</span> <span class='ocrx_word' id='word_1_281' title='bbox 1106 3159 1306 3218; x_wconf 92' lang='lat' dir='ltr'>ieiuno</span> <span class='ocrx_word' id='word_1_282' title='bbox 1352 3158 1531 3236; x_wconf 89' lang='lat' dir='ltr'>ligula</span> <span class='ocrx_word' id='word_1_283' title='bbox 1570 3157 1742 3236; x_wconf 89' lang='lat' dir='ltr'>plena</span> <span class='ocrx_word' id='word_1_284' title='bbox 1780 3158 2037 3236; x_wconf 67' lang='lat' dir='ltr'>grandis</span> <span class='ocrx_word' id='word_1_285' title='bbox 2105 3157 2232 3219; x_wconf 87' lang='lat' dir='ltr'>Hoc</span> <span class='ocrx_word' id='word_1_286' title='bbox 2272 3170 2371 3221; x_wconf 89' lang='lat' dir='ltr'>est</span> 
     </span>
     <span class='ocr_line' id='line_1_34' title="bbox 335 3245 2368 3328; baseline 0.002 -24"><span class='ocrx_word' id='word_1_287' title='bbox 335 3247 704 3326; x_wconf 78' lang='lat' dir='ltr'>oxyporium,</span> <span class='ocrx_word' id='word_1_288' title='bbox 742 3246 902 3324; x_wconf 91' lang='lat' dir='ltr'>quod</span> <span class='ocrx_word' id='word_1_289' title='bbox 941 3246 1098 3307; x_wconf 91' lang='lat' dir='ltr'>Nero</span> <span class='ocrx_word' id='word_1_290' title='bbox 1137 3245 1418 3308; x_wconf 89' lang='lat' dir='ltr'>utebatur</span> <span class='ocrx_word' id='word_1_291' title='bbox 1456 3246 1527 3307; x_wconf 89' lang='lat' dir='ltr'>ad</span> <span class='ocrx_word' id='word_1_292' title='bbox 1566 3247 1977 3328; x_wconf 87' lang='lat' dir='ltr'>digestionem,</span> <span class='ocrx_word' id='word_1_293' title='bbox 2016 3247 2173 3326; x_wconf 91' lang='lat' dir='ltr'>quod</span> <span class='ocrx_word' id='word_1_294' title='bbox 2212 3247 2368 3309; x_wconf 84' lang='lat' dir='ltr'>Mar·</span> 
     </span>
     <span class='ocr_line' id='line_1_35' title="bbox 336 3334 2368 3417; baseline 0.002 -23"><span class='ocrx_word' id='word_1_295' title='bbox 336 3334 521 3395; x_wconf 87' lang='lat' dir='ltr'>cellus</span> <span class='ocrx_word' id='word_1_296' title='bbox 566 3335 834 3396; x_wconf 87' lang='lat' dir='ltr'>medicus</span> <span class='ocrx_word' id='word_1_297' title='bbox 882 3338 1158 3414; x_wconf 88' lang='lat' dir='ltr'>egregius</span> <span class='ocrx_word' id='word_1_298' title='bbox 1206 3336 1483 3417; x_wconf 86' lang='lat' dir='ltr'>ostendit,</span> <span class='ocrx_word' id='word_1_299' title='bbox 1531 3337 1689 3415; x_wconf 88' lang='lat' dir='ltr'>quod</span> <span class='ocrx_word' id='word_1_300' title='bbox 1736 3345 1797 3396; x_wconf 89' lang='lat' dir='ltr'>et</span> <span class='ocrx_word' id='word_1_301' title='bbox 1843 3354 1952 3396; x_wconf 90' lang='lat' dir='ltr'>nos</span> <span class='ocrx_word' id='word_1_302' title='bbox 1999 3355 2114 3397; x_wconf 89' lang='lat' dir='ltr'>usu</span> <span class='ocrx_word' id='word_1_303' title='bbox 2151 3337 2368 3416; x_wconf 91' lang='lat' dir='ltr'>proba·</span> 
     </span>
    </p>
   </div>
   <div class='ocr_carea' id='block_1_3' title="bbox 339 3540 2371 3684">
    <p class='ocr_par' dir='ltr' id='par_1_11' title="bbox 339 3540 2371 3684">
     <span class='ocr_line' id='line_1_36' title="bbox 519 3540 2368 3610; baseline 0.002 -15"><span class='ocrx_word' id='word_1_304' title='bbox 519 3548 546 3595; x_wconf 94' lang='lat'>1</span> <span class='ocrx_word' id='word_1_305' title='bbox 587 3541 918 3597; x_wconf 84' lang='lat' dir='ltr'>calidoniae.</span> <span class='ocrx_word' id='word_1_306' title='bbox 1063 3542 1269 3597; x_wconf 83' lang='lat' dir='ltr'>scoeni.</span> <span class='ocrx_word' id='word_1_307' title='bbox 1427 3549 1457 3596; x_wconf 81' lang='lat'><strong>7</strong></span> <span class='ocrx_word' id='word_1_308' title='bbox 1497 3541 1675 3597; x_wconf 81' lang='lat' dir='ltr'>bibat.</span> <span class='ocrx_word' id='word_1_309' title='bbox 1829 3547 1861 3596; x_wconf 89' lang='grc'>8</span> <span class='ocrx_word' id='word_1_310' title='bbox 1899 3540 2368 3610; x_wconf 79' lang='lat' dir='ltr'>experimentum.</span> 
     </span>
     <span class='ocr_line' id='line_1_37' title="bbox 339 3610 2371 3684; baseline 0.004 -21"><span class='ocrx_word' id='word_1_311' title='bbox 339 3616 403 3664; x_wconf 89' lang='grc'>13</span> <span class='ocrx_word' id='word_1_312' title='bbox 441 3611 681 3668; x_wconf 45' lang='lat' dir='ltr'>refecit.¹</span> <span class='ocrx_word' id='word_1_313' title='bbox 807 3618 871 3666; x_wconf 89' lang='grc'>18</span> <span class='ocrx_word' id='word_1_314' title='bbox 909 3610 1241 3666; x_wconf 79' lang='lat' dir='ltr'>absentium.</span> <span class='ocrx_word' id='word_1_315' title='bbox 1369 3618 1437 3668; x_wconf 77' lang='lat'>28</span> <span class='ocrx_word' id='word_1_316' title='bbox 1476 3615 1535 3668; x_wconf 78' lang='lat' dir='ltr'>et</span> <span class='ocrx_word' id='word_1_317' title='bbox 1568 3613 1725 3684; x_wconf 87' lang='lat' dir='ltr'>rhus]</span> <span class='ocrx_word' id='word_1_318' title='bbox 1766 3611 1959 3667; x_wconf 82' lang='lat' dir='ltr'>tribus.</span> <span class='ocrx_word' id='word_1_319' title='bbox 2071 3613 2371 3684; x_wconf 84' lang='lat' dir='ltr'>scripolus.</span> 
     </span>
    </p>
   </div>
  </div>
 </body>
</html>
