2575 4092
1132 208 1568 272 -62-

340 373 512 434 dicus
569 374 802 434 adicere
860 372 1070 433 solitus
1128 382 1255 433 erat
1312 373 1489 432 etiam
1546 370 1969 450 mandragorae
2027 374 2157 433 suci
2216 406 2291 415 —
2342 372 2368 432 I

340 470 402 523 et
455 461 691 523 lentisci
746 463 878 522 suci
926 495 1004 502 —
1056 460 1082 521 Ι
1150 479 1219 522 ac
1275 460 1488 522 deinde
1553 462 1863 539 permixtis
1931 460 2207 522 omnibus
2254 462 2369 522 for-

340 569 502 612 mare
551 550 790 631 collyria
837 549 928 610 vel
972 549 1239 630 pastillos
1287 558 1391 611 aut
1437 552 1496 610 in
1548 568 1646 610 vas
1694 557 2004 628 stagneum
2041 550 2368 611 recondere

342 649 401 701 et
439 658 573 700 cum
612 658 763 718 opus
802 646 963 700 esset
1000 640 1090 699 uti
1127 639 1197 701 ad
1235 638 1686 718 inunguendum
1719 638 1812 699 vel
1840 638 2368 718 superliniendum.

269 746 300 795 9
339 728 448 789 Est
484 728 827 790 huiusmodi
863 728 1381 808 medicamentum,
1428 727 1585 806 quod
1630 727 2120 805 perichristarion
2157 736 2369 789 vocant
2394 744 2421 785 5

340 818 575 898 Graeci,
624 817 780 897 quod
827 816 1328 878 medicamentum
1377 818 1520 877 satis
1567 816 1776 876 efficax
1823 825 1942 897 est,
1990 835 2106 896 quo
2151 819 2233 877 ita
2278 820 2368 878 uti

341 915 594 987 oportet,
633 915 698 967 ut
736 904 1053 985 palpebrae
1093 906 1394 984 suptiliter
1430 905 1568 965 inde
1610 905 2071 987 superlinantur,
2112 924 2185 966 ne
2226 906 2368 985 quid

337 998 493 1056 intra
532 994 769 1057 oculum
808 994 969 1056 fluat.
1044 995 1279 1074 Recipit
1317 1001 1513 1056 autem
1547 994 1719 1054 haec:
1765 993 1939 1055 Croci
1979 993 2164 1054 Siculi
2190 993 2241 1054 X
2270 994 2369 1075 IIl,

337 1102 602 1162 maginae
649 1086 812 1145 croci
857 1082 910 1142 X
959 1082 1091 1158 XII,
1139 1085 1292 1144 turis
1339 1082 1391 1143 X
1428 1082 1535 1163 Ill,
1582 1083 1860 1143 aluminis
1906 1082 2152 1144 rotundi
2186 1082 2239 1143 X
2276 1082 2367 1163 VI,

338 1175 436 1252 opi
482 1172 534 1233 X
580 1172 661 1255 Il,
708 1191 938 1252 myrrae
987 1171 1037 1232 X
1084 1170 1163 1252 11,
1216 1174 1469 1233 cummis
1515 1170 1567 1231 X
1608 1171 1708 1231 III.
1796 1171 1885 1232 Ex
1933 1174 2068 1232 vino
2115 1171 2365 1232 Falerno
2395 1187 2447 1228 ιο

337 1270 617 1322 teruntur
681 1261 825 1322 haec
892 1260 983 1322 vel
1038 1269 1441 1340 asperguntur
1496 1268 1556 1321 et
1611 1279 1749 1322 cum
1804 1260 1956 1321 bene
2011 1261 2159 1322 levia
2215 1261 2369 1322 facta

338 1360 496 1431 sunt,
533 1351 605 1410 ad
646 1350 1101 1411 crassitudinem
1132 1349 1274 1411 boni
1311 1348 1502 1411 mellis
1533 1352 1885 1430 spissantur,
1925 1350 2180 1411 adicitur
2206 1358 2364 1428 post·

338 1458 404 1500 ea
468 1442 630 1519 passi
695 1435 918 1500 Cretici
980 1438 1032 1499 X
1097 1438 1122 1499 I
1197 1447 1257 1500 et
1322 1441 1632 1518 reponitur
1696 1440 1759 1498 in
1824 1438 2035 1518 pyxide
2106 1448 2365 1518 stagnea.

337 1528 485 1589 Cum
542 1531 700 1590 enim
758 1546 999 1608 passum
1055 1528 1352 1590 adiectum
1409 1527 1616 1608 fuerit,
1672 1527 1981 1607 collyrium
2030 1529 2172 1608 erit3
2228 1546 2363 1588 nam

233 1634 296 1683 10
335 1636 406 1678 ex
460 1620 592 1696 ipso
651 1617 942 1696 superlini
997 1616 1190 1678 debet.
1282 1616 1443 1677 Bene
1499 1616 1640 1677 facit
1693 1616 1805 1676 hoc-
1865 1616 2361 1677 medicamentum
2391 1632 2446 1672 15

336 1707 408 1766 ad
456 1706 910 1786 superlinendos
953 1706 1174 1787 oculoS,
1224 1724 1341 1786 quo
1380 1705 1684 1783 Augustus
1722 1723 1870 1766 usus
1910 1714 2027 1766 est:
2073 1704 2365 1766 Aluminis

336 1797 461 1857 fissi
497 1794 549 1855 X
590 1794 708 1876 XL,
756 1798 906 1856 turis
944 1795 996 1856 X
1034 1795 1104 1877 X,
1150 1796 1309 1856 aloes
1347 1793 1399 1854 X
1439 1792 1557 1874 XV,
1603 1796 1766 1855 croci
1804 1792 1856 1853 X
1892 1793 2013 1874 XV,
2058 1796 2158 1874 opi
2194 1793 2246 1854 X
2291 1793 2363 1873 II,

334 1884 519 1963 gallae
558 1884 608 1944 X
649 1884 718 1964 X,
767 1903 936 1944 rosae
975 1885 1251 1945 soliorum
1291 1884 1593 1944 aridorum
1631 1882 1684 1942 X
1721 1882 1791 1962 X,
1836 1882 2194 1962 plantaginis
2233 1886 2364 1944 suci

336 1973 427 2034 vel
482 1975 726 2034 seminis
781 1972 832 2032 X
880 1971 948 2032 X.
1043 1971 1125 2032 Ex
1194 1975 1331 2032 vino
1396 1971 1649 2032 Falerno
1714 1979 1994 2033 teruntur
2059 1972 2204 2032 haec
2270 1971 2364 2032 vel

333 2071 734 2140 asperguntur
789 2072 846 2121 et
903 2080 1038 2121 cum
1090 2061 1237 2121 levia
1285 2061 1436 2121 facta
1485 2070 1623 2121 sunt
1668 2079 1736 2121 ac
1788 2060 1979 2121 mellis
2028 2061 2360 2140 spissitudi-
2388 2077 2443 2116 eo

333 2168 468 2210 nem
516 2149 753 2230 habent,
799 2150 1054 2210 adicitur
1099 2149 1193 2210 his
1240 2152 1401 2228 passi
1448 2152 1741 2210 sextarius
1779 2149 1870 2210 vel
1909 2149 2064 2229 quod
2106 2149 2365 2210 sufficiat

230 2253 293 2302 11
334 2248 394 2299 et
461 2240 776 2318 reponitur
838 2240 901 2298 in
965 2257 1101 2299 vaso
1168 2245 1413 2317 stagneo
1477 2238 1570 2298 vel
1634 2249 1934 2317 argenteo.
2039 2237 2363 2318 Collyrium

332 2329 569 2406 nigrum
625 2327 697 2387 ab
756 2327 1048 2405 Antigono
1106 2334 1411 2407 repertum
1478 2326 1549 2387 ad
1607 2330 1799 2388 omnia
1858 2330 2078 2388 intaeta
2136 2328 2359 2387 faciens

332 2418 573 2495 accipit:
647 2416 921 2477 Cadmiae
976 2415 1028 2476 X
1084 2414 1297 2476 XXXV
1354 2416 1419 2496 S,
1482 2415 1653 2476 stibis
1715 2416 1766 2476 X
1823 2414 2069 2495 XXIllI,
2133 2418 2362 2494 piperis

331 2505 382 2565 X
419 2504 575 2588 VIII,
623 2506 922 2583 aeruginis
970 2524 1136 2566 rasae
1183 2504 1235 2565 X
1268 2504 1425 2585 VIII,
1473 2507 1725 2565 cummis
1763 2504 1815 2565 X
1852 2503 2095 2587 XXIIII,
2140 2507 2361 2565 teritur
2388 2520 2450 2560 25

331 2613 402 2654 ex
451 2613 600 2674 aqua
646 2594 960 2673 pluviatica
1007 2603 1183 2674 atque
1232 2594 1563 2654 conficitur.
1657 2593 1906 2654 Cosmus
1957 2593 2174 2654 adiecit
2220 2594 2362 2654 huic

330 2683 573 2762 collyrio
630 2692 981 2744 centaureae
1039 2685 1236 2744 tenuis
1295 2685 1422 2743 suci
1468 2682 1521 2742 X
1567 2681 1646 2763 X,
1703 2682 1863 2761 quod
1919 2690 2082 2744 recte
2139 2682 2364 2743 factum

227 2786 291 2835 12
330 2791 485 2833 reor.
577 2771 915 2853 Collyrium,
962 2772 1121 2851 quod
1167 2771 1239 2831 ad
1287 2790 1521 2832 omnem
1570 2771 1913 2849 epiphoram
1963 2781 2022 2831 et
2069 2773 2362 2851 inquieta-

330 2864 551 2922 tionem
608 2869 668 2921 et
724 2869 1018 2921 tumorem
1077 2861 1215 2921 facit
1272 2860 1596 2921 sedandum
1654 2862 1781 2920 sine
1837 2860 2062 2938 dolore,
2141 2862 2363 2939 accipit
2549 2930 2552 2945 ⁴

328 2950 501 3011 haec:
560 2948 975 3029 Pompholygis
1022 2949 1073 3009 X
1123 2948 1276 3031 VllI,
1326 2952 1552 3010 cicutae
1601 2951 1731 3010 suci
1779 2949 1945 3028 aridi,
1992 2949 2053 3009 id
2100 2956 2194 3009 est
2239 2951 2356 3010 sic-
2384 2965 2446 3006 so
2551 2958 2552 2995 l

329 3041 461 3117 cati,
506 3038 557 3098 X
605 3038 705 3119 VI,
753 3041 853 3117 opi
900 3037 950 3098 X
996 3038 1129 3121 IIII,
1175 3039 1601 3116 mandragorae
1649 3039 1778 3098 suci
1825 3037 1976 3099 aridi
2023 3037 2075 3098 X
2113 3037 2177 3116 V,
2225 3057 2356 3098 aca-

329 3130 452 3188 ciae
491 3127 542 3187 X
583 3127 681 3207 VI,
735 3129 985 3188 cummis
1023 3126 1075 3187 X
1112 3126 1174 3206 V,
1222 3130 1439 3187 teritur
1485 3145 1559 3186 ex
1605 3126 1904 3187 coriandri
1952 3129 2146 3186 teneri
2192 3145 2360 3188 suco.

327 3215 452 3276 Hoc
510 3216 818 3295 collyrium
875 3216 1117 3295 prodest
1164 3220 1340 3276 etiam
1389 3223 1554 3276 extra
1602 3215 1804 3276 oculos
1852 3225 2237 3296 perunctum,
2295 3217 2362 3277 id

223 3319 287 3367 13
328 3315 420 3366 est
466 3304 884 3366 circumlitum.
949 3305 1270 3384 Collyrium
1300 3305 1372 3365 ab
1402 3304 1745 3384 Asclepiade
1775 3304 1848 3364 ad
1878 3304 2195 3384 epiphoras
2226 3323 2361 3384 spe-

428 3492 431 3495 *
469 3519 499 3568 3
540 3510 827 3582 pastellos.
921 3518 952 3566 6
990 3510 1124 3582 quo]
1164 3512 1331 3579 quod.
1436 3514 1469 3565 8
1498 3510 1727 3579 recepit.
1830 3509 2017 3565 Sicoli.
2134 3517 2202 3566 27
2232 3527 2364 3567 cen·

324 3584 591 3639 tauricae.
737 3589 804 3637 29
844 3581 962 3637 sine
1000 3582 1250 3636 dolorem
1286 3583 1427 3651 (sic).
