2575 4092
995 265 1088 325 -.
1173 229 1304 294 299
1397 265 1479 275 —-

219 411 376 474 quae
424 391 644 453 Gallice
692 392 900 454 alauda
940 392 1175 473 dicitur,
1223 395 1347 454 sive
1393 395 1522 472 ipsa
1560 402 1751 455 assata
1787 396 1849 455 in
1887 395 2022 456 cibo
2060 412 2254 456 suma-

218 493 325 544 tur
371 483 495 542 sive
541 499 679 542 cum
727 480 947 559 plumis
995 482 1120 543 suis
1167 482 1477 543 combusta
1529 481 1834 562 redigatur
1879 486 1941 545 in
1988 484 2255 545 cinerem

219 578 403 651 atque
461 588 532 631 ex
592 588 663 631 eo
723 569 1176 650 diligentissime
1231 573 1374 631 trito
1431 579 1601 632 terna
1657 571 1932 634 cocliaria
1982 591 2054 633 ex
2100 590 2254 653 aqua

221 659 411 721 calida
456 661 625 738 potui
671 676 781 739 per
827 659 1093 721 triduum
1139 659 1377 721 dentur.

158 766 191 808 5
403 747 658 809 Unicum
705 756 799 809 est
843 750 1191 809 intestinum
1240 749 1515 828 ossifragi
1561 750 1745 811 mirae
1781 759 2047 831 naturae,
2094 750 2253 832 quod
2291 764 2357 814 51

220 839 419 899 omnia
465 837 743 898 devorata
791 838 1080 898 citissime
1127 838 1395 919 conficit3
1440 837 1621 899 huius
1656 857 1796 919 pars
1834 848 2098 901 extrema
2136 839 2254 901 col-

217 927 428 1006 ligitur
473 934 533 987 et
579 927 891 1005 reponitur
939 934 1000 986 et
1045 944 1180 987 cum
1228 944 1381 1006 opus
1427 927 1636 1008 fuerit,
1688 930 1886 989 ventri
1930 927 2253 990 laborantis

219 1015 521 1096 alligatur,
566 1016 720 1076 miro
767 1014 1031 1076 remedio
1078 1032 1285 1076 omnes
1331 1017 1752 1077 intestinorum
1804 1016 2042 1077 dolores
2090 1019 2251 1078 citis-

219 1105 370 1165 sime
417 1103 600 1165 sedat.

129 1213 189 1252 ιο
399 1192 553 1272 Lupi
607 1200 844 1253 stercus
899 1192 1220 1252 dummodo
1271 1211 1394 1253 non
1439 1194 1502 1253 in
1548 1202 1709 1255 terra
1754 1195 2092 1276 inventum,
2146 1192 2251 1255 sed
2289 1205 2357 1256 52

218 1298 402 1361 supra
447 1281 668 1342 fustem
713 1289 817 1342 aut
863 1298 1045 1361 supra
1091 1281 1313 1342 astulas
1359 1289 1463 1343 aut
1505 1299 1687 1360 supra
1723 1285 1968 1344 iuncum
2008 1281 2250 1362 colliges

217 1378 281 1431 et
335 1368 601 1431 servabis
656 1376 715 1431 et
762 1388 899 1431 cum
946 1388 1099 1448 opus
1145 1370 1354 1452 fuerit,
1409 1369 1703 1432 laboranti
1748 1371 1935 1433 colico
1984 1371 2250 1451 alligabis

217 1459 293 1520 ad
347 1457 659 1520 brachium
714 1459 808 1520 vel
863 1458 936 1519 ad
996 1458 1215 1519 collum
1260 1459 1324 1518 in
1370 1476 1506 1519 osse
1553 1467 1656 1520 aut
1700 1462 1763 1520 in
1809 1478 1992 1540 cypro
2040 1468 2145 1521 aut
2187 1462 2251 1522 in

217 1565 367 1609 auro
414 1547 647 1610 clusum
694 1548 951 1627 licioque
1000 1565 1387 1628 suspensum3
1435 1546 1541 1608 sed
1587 1549 1757 1625 prius
1803 1566 1875 1608 ex
1921 1551 2052 1627 ipso
2100 1555 2249 1610 ster-

131 1654 189 1696 15
219 1654 360 1697 core
415 1636 699 1715 pusillum
752 1637 1052 1715 ignoranti
1109 1654 1182 1696 ex
1236 1653 1387 1715 aqua
1444 1634 1632 1697 calida
1677 1634 2004 1699 bibendum
2051 1637 2252 1718 dabis;

216 1727 371 1786 mire
419 1724 815 1805 celeriterque
863 1724 1199 1786 subvenies,

398 1812 589 1876 Ovum
634 1832 847 1875 recens
893 1813 1147 1875 crudum
1194 1815 1508 1874 summiter
1549 1821 1823 1892 apertum
1860 1813 2153 1876 defundes
2190 1822 2253 1875 et
2288 1825 2358 1876 53

216 1905 348 1964 eius
386 1909 603 1964 testam
641 1902 772 1963 oleo
809 1902 986 1963 viridi
1024 1900 1301 1980 implebis
1340 1910 1399 1963 et
1437 1901 1754 1983 defundes3
1794 1901 2069 1964 similiter
2104 1903 2250 1965 lotio

215 1991 438 2071 puerili
491 1991 765 2070 implebis
821 1998 883 2052 et
936 1990 1230 2052 defundes
1283 1989 1596 2071 mellisque
1644 1990 1993 2053 tantundem
2040 1991 2249 2052 defun·

12 2149 13 2152 Ἴ
130 2098 189 2139 so
219 2081 355 2160 deS,
410 2088 538 2140 tum
594 2079 910 2158 diligenter
966 2081 1161 2140 omnia
1207 2078 1600 2157 permiscebis
1648 2087 1708 2140 et
1753 2082 1816 2140 in
1864 2097 2016 2160 aqua
2062 2079 2248 2141 calida

216 2169 543 2248 tepefacies
587 2186 657 2229 ac
703 2171 904 2229 ieiuno
950 2167 1206 2229 bibenda
1245 2166 1431 2229 dabis.
1495 2167 1655 2229 Haec
1693 2170 1856 2248 potio
1894 2186 2016 2229 non
2055 2168 2246 2230 solum

218 2266 457 2319 stercus
525 2264 852 2337 vetustum,
917 2256 1078 2336 quod
1139 2255 1375 2317 dolores
1438 2258 1741 2318 intestinis
1806 2258 1976 2338 facit,
2037 2276 2249 2319 verum

218 2348 399 2407 etiam
454 2344 780 2407 lumbricos
834 2347 1011 2407 eiciet
1065 2353 1127 2406 et
1179 2344 1424 2406 ardores
1479 2345 1967 2423 praecordiorum
2023 2346 2246 2408 febres-

168 2497 174 2502 .
219 2454 338 2516 que
385 2433 634 2495 sedabit.

134 2539 191 2581 25
396 2523 629 2583 Erucae
668 2524 1030 2582 semunciam
1069 2528 1347 2583 conteres
1376 2529 1436 2582 et
1464 2523 1538 2604 ei,
1578 2524 1683 2601 qui
1710 2521 2036 2583 lumbricos
2063 2524 2247 2602 patie-
2284 2534 2355 2584 54

218 2621 339 2693 tur,
377 2630 449 2673 ex
486 2614 622 2672 vino
660 2617 861 2671 vetere
901 2610 1151 2671 candido
1185 2612 1387 2671 ieiuno
1416 2618 1477 2671 et
1504 2610 1902 2689 digestissimo
1930 2609 2250 2672 bibendam

12 2763 13 2770 ,
218 2701 407 2783 dabis,
454 2702 598 2762 satis
644 2699 929 2778 proderit.

12 2793 15 2852 Ι
397 2789 487 2849 Ad
542 2791 883 2850 interaneos
937 2788 1178 2849 morbos
1235 2786 1483 2866 serpulli
1533 2786 1768 2867 pondus
1813 2788 2108 2849 victoriati
2155 2806 2245 2849 ar·
2285 2799 2353 2850 55

218 2881 421 2958 gentei
458 2879 784 2939 contritum
822 2884 883 2938 et
921 2895 993 2938 ex
1012 2880 1166 2951 ,vino
1204 2878 1377 2956 potui
1402 2876 1625 2957 datum,
1661 2875 2023 2937 febricitanti
2050 2883 2250 2942 autem

138 2984 194 3026 so
221 2986 295 3028 ex
352 2966 544 3028 mulsa
600 2983 750 3046 aqua
807 2966 1007 3045 tepida
1068 2968 1340 3025 internos
1405 2963 1641 3026 dolores
1695 2967 1919 3026 ventris
1972 2971 2251 3045 potenter

220 3055 515 3118 emendat.
596 3054 879 3116 Verbasci
932 3054 1151 3115 radicis
1207 3056 1494 3115 corticem
1549 3052 1842 3115 detrahito
1893 3061 1956 3115 et
1999 3064 2249 3118 contun-
2287 3068 2356 3119 56

221 3145 347 3206 dito
412 3163 481 3205 ac
553 3162 767 3204 sucum
828 3145 958 3204 eius
1013 3161 1124 3221 per
1178 3142 1429 3203 linteum
1484 3144 1799 3221 exprimito
1857 3161 2111 3223 eumque
2177 3161 2251 3204 ex

219 3251 375 3314 aqua
417 3232 609 3294 mulsa
656 3240 761 3293 aut
804 3234 940 3292 vino
986 3231 1313 3292 bibendum
1359 3231 1526 3313 dato;
1572 3234 1771 3292 omnia
1806 3232 2251 3292 interaneorum

399 3392 434 3440 2
483 3385 798 3441 cumbusta..
1016 3392 1049 3441 6
1096 3382 1409 3453 collegitur.
1638 3389 1672 3440 8
1716 3383 1990 3438 minorem
2044 3383 2249 3438 medio.

223 3462 289 3512 15
329 3456 601 3542 pisillum.
778 3461 843 3510 19
880 3457 1046 3511 verba
1080 3455 1377 3524 mellisque
1412 3455 1751 3510 tantundem
1787 3453 2058 3509 defundes
2095 3456 2251 3524 apud

221 3529 560 3585 Uomanum
594 3531 723 3584 ante
760 3525 1021 3582 similiter
1053 3524 1196 3582 lotio
1233 3528 1499 3582 collocata
1532 3530 1678 3581 sunt.
1896 3530 1965 3581 26
2004 3526 2248 3582 candito.

219 3606 291 3656 28
329 3601 389 3655 et
424 3599 696 3669 argentei.
839 3603 907 3654 29
947 3600 1006 3653 et
1041 3603 1170 3653 ante
1204 3613 1274 3652 ex
1310 3613 1412 3653 om.
