2575 4092
1097 224 1576 291 —182—
2108 246 2146 285 *v

322 392 647 470 inpositum
701 391 1087 470 inpetigineS,
1146 406 1292 467 quas
1348 387 1559 448 Graeci
1614 389 1806 467 agrias
1854 395 2091 468 vocant,
2144 397 2360 468 poten-

220 491 287 540 14
323 481 552 541 tissime
600 486 784 541 sanat.
866 476 1252 552 FormiculaS,
1302 494 1452 556 quae
1499 475 1902 538 Herculaneae
1951 479 2359 557 nominantur,

322 570 609 630 contritas
658 567 890 629 modico
936 566 1057 627 sale
1104 565 1336 627 adiecto
1383 567 1693 645 inpetigini
1739 565 1988 646 adpone,
2039 565 2359 627 miraberis

320 657 678 739 remedium3
724 675 861 717 nam
906 655 1183 717 celeriter
1230 662 1577 734 expurgant.

216 758 282 807 15
497 745 880 825 Impetigines
917 752 979 805 et
1013 744 1210 823 lepras
1247 743 1394 804 haec
1432 744 1764 823 conpositio
1799 744 2213 822 potentissime
2254 761 2354 804 ex·
2385 764 2414 806 5

319 835 530 915 tirpat:
575 834 753 896 Turis
782 832 1050 915 masculi,
1079 834 1240 914 nitri,
1272 834 1504 912 argenti
1534 849 1796 912 spumae,
1826 831 2133 912 sulphuris
2161 850 2354 912 aequa

319 922 583 1003 pondera
641 942 778 985 cum
835 931 1002 984 aceto
1058 923 1182 984 acri
1236 928 1520 983 teruntur
1574 929 1635 982 et
1687 919 1935 1000 pinnula
1979 923 2355 1000 inponuntur

320 1012 728 1091 siccatumque
774 1011 1144 1073 medicamen
1190 1011 1413 1072 eluitur
1469 1017 1529 1071 et
1583 1028 1827 1072 rursum
1876 1008 2150 1071 inlinitur
2195 1009 2352 1072 adsi—

216 1114 282 1164 16
319 1101 435 1162 due
483 1100 712 1162 elutum
758 1109 936 1179 atque
983 1102 1290 1161 siccatum.
1360 1098 1428 1160 Si
1470 1097 1686 1179 locum,
1735 1116 1912 1177 quem
1949 1100 2212 1178 inpetigo
2252 1099 2352 1160 ad·

318 1188 488 1270 ludit,
535 1207 679 1250 auro
718 1187 1194 1269 circumscribaS,
1235 1195 1445 1268 postea
1480 1206 1617 1250 eum
1655 1190 1895 1248 omnino
1934 1205 2053 1248 non
2091 1187 2353 1267 adpetet.
2383 1206 2440 1248 ιο

216 1293 280 1342 17
320 1276 508 1359 Loco,
567 1296 744 1358 quem
799 1287 1103 1357 mentagra
1149 1276 1479 1357 obsederit,
1538 1276 1743 1337 fimum
1789 1277 2092 1337 murinum
2138 1279 2356 1339 tritum

321 1384 393 1426 ex
440 1373 607 1427 aceto
654 1374 891 1446 oportet
936 1367 1146 1446 inponi
1180 1366 1274 1426 vel
1317 1363 1586 1427 eiusdem
1622 1367 1812 1426 muris
1849 1367 2048 1426 exusti
2083 1367 2352 1428 cinerem

319 1473 455 1516 cum
501 1455 631 1516 oleo
680 1455 897 1535 adponi
944 1454 1181 1517 salubre
1229 1463 1337 1516 est.

215 1557 279 1608 18
495 1543 826 1606 Adversum
850 1543 1316 1626 elephantiasim,
1346 1543 1505 1624 quod
1526 1542 1741 1604 malum
1765 1542 2119 1623 plerumque
2144 1562 2176 1604 a
2196 1545 2351 1606 facie

318 1635 662 1712 auspicatur
707 1636 1086 1713 primumque
1134 1635 1330 1694 oritur
1378 1634 1548 1712 quasi
1593 1630 1893 1693 lenticulis
1934 1634 2113 1693 variis
2160 1641 2221 1694 et
2258 1636 2347 1694 in·
2380 1649 2434 1691 ιε

317 1721 663 1801 aequalibus
693 1730 830 1784 cute
864 1721 995 1783 alba
1023 1720 1164 1783 alibi
1201 1740 1420 1803 crassa,
1458 1720 1599 1782 alibi
1634 1723 1819 1800 tenui,
1857 1720 2161 1801 plerisque
2201 1721 2351 1783 locis

318 1809 467 1872 dura
514 1819 574 1872 et
622 1813 792 1891 quasi
837 1811 1076 1873 scabida
1124 1818 1184 1873 et
1230 1811 1303 1871 ad
1349 1819 1719 1891 postremum
1767 1812 1854 1871 sic
1910 1812 2220 1890 increscit,
2282 1820 2351 1872 ut

318 1899 555 1961 ossibus
602 1919 740 1962 caro
788 1899 1071 1962 adstricta
1120 1899 1590 1965 tumescentibus
1631 1901 1892 1978 primum
1930 1899 2131 1978 digitis
2167 1908 2349 1979 atque

317 1989 586 2051 articulis
631 1990 989 2052 indurescat.
1063 1988 1174 2050 Hic
1221 1988 1468 2050 morbus
1506 1987 1886 2069 peculiariter
1923 1987 2350 2068 Aegyptiorum

315 2078 554 2157 populis
591 2086 770 2139 notus
809 2086 900 2139 est
938 2097 1049 2138 nec
1079 2077 1273 2139 solum
1301 2081 1363 2139 in
1392 2077 1606 2157 vulgus
1634 2085 1987 2160 extremum,
2024 2078 2129 2138 sed
2167 2080 2350 2139 etiam
2379 2094 2435 2136 so

315 2167 381 2226 in
437 2184 610 2244 reges
665 2169 828 2246 ipsos
884 2166 1232 2246 frequenter
1291 2168 1561 2247 inrepsit.
1652 2164 1821 2227 Unde
1883 2166 2166 2227 adversus
2231 2165 2350 2228 hoc

315 2253 536 2315 malum
575 2254 721 2316 solia
756 2256 905 2334 ipsis
941 2257 1005 2316 in
1042 2254 1254 2315 balneo
1294 2255 1520 2335 repleta
1556 2255 1815 2316 humano
1854 2258 2142 2335 sanguine
2179 2273 2350 2335 para-

316 2341 549 2404 bantur.
615 2342 901 2405 Mustelae
939 2346 1125 2423 igitur
1161 2353 1404 2406 exustae
1444 2347 1595 2406 cinis
1634 2352 1695 2405 et
1723 2344 1991 2406 eiusdem
2022 2344 2250 2425 beluae,
2287 2345 2351 2406 id

317 2440 410 2493 est
457 2431 805 2514 elephantiS,
854 2434 1095 2512 sanguis
1142 2435 1428 2495 inmixtus
1474 2441 1535 2494 et
1579 2431 1787 2494 inlitus
1832 2433 2173 2494 huiusmodi
2216 2452 2353 2495 cor-

211 2535 276 2584 19
314 2520 563 2600 poribus
611 2522 899 2583 medetur.
982 2522 1219 2583 Nitrum
1272 2524 1597 2583 contritum
1643 2529 1705 2583 et
1751 2541 1822 2583 ex
1871 2521 2042 2583 melle
2088 2529 2150 2583 et
2195 2520 2352 2584 lacte
2381 2539 2438 2581 ss

210 2624 277 2673 20
315 2608 539 2670 bubulo
595 2612 920 2691 inpositum
982 2609 1406 2690 elephantiosis
1471 2610 1734 2689 prodest.
1826 2610 2015 2672 Radix
2078 2615 2354 2692 asparagi

315 2697 558 2760 decocta
603 2702 665 2760 in
712 2707 879 2760 aceto
926 2708 987 2760 et
1033 2702 1173 2760 trita
1219 2699 1643 2779 elephantiosis
1697 2699 2128 2761 rationabiliter
2178 2702 2350 2780 inpo-

207 2800 275 2851 21
315 2787 494 2848 nitur.
569 2787 879 2850 Mentastri
926 2788 1064 2849 folia
1112 2789 1598 2850 commanducata
1646 2787 1739 2849 vel
1785 2792 2040 2850 contrita
2078 2788 2360 2869 adposita,

315 2875 737 2956 elephantiosis
791 2878 1133 2958 medentur,
1190 2878 1371 2939 cedro
1429 2895 1667 2957 quoque
1723 2876 1891 2938 tabes
1945 2876 2043 2939 illa
2098 2877 2350 2940 adsidue

312 2974 602 3045 peruncta
651 2975 910 3027 sanatur.
2378 2984 2436 3024 ³⁰

206 3068 275 3117 22
491 3053 595 3114 Fel
640 3057 913 3116 ursinum
960 3055 1227 3135 leprosos
1274 3055 1590 3117 admodum
1638 3064 1835 3138 sanat,
1882 3056 1936 3116 si
1981 3073 2051 3115 eo
2099 3054 2350 3117 adsidue

311 3140 712 3225 perlinantur3
760 3144 941 3223 adeps
989 3162 1226 3224 quoque
1274 3146 1405 3205 eius
1452 3144 1666 3206 livores
1714 3154 1775 3206 et
1818 3143 2078 3206 maculas
2121 3146 2347 3207 eximit.

206 3244 274 3295 23
313 3231 449 3311 Apii
485 3250 691 3294 semen
727 3240 789 3293 et
826 3232 1028 3294 anethi
1064 3241 1341 3294 conteres
1380 3243 1440 3294 et
1478 3252 1614 3295 cum
1644 3233 1816 3295 melle
1846 3233 2127 3314 miscebis
2164 3242 2346 3314 atque

205 3335 276 3384 24
314 3322 453 3383 inde
510 3320 920 3383 malandriosis
978 3330 1265 3401 quantum
1321 3322 1579 3385 sufficiat
1625 3324 1901 3403 adpones,
1994 3321 2161 3384 Inula
2208 3342 2349 3385 con·

314 3412 455 3471 trita
502 3412 878 3490 inpositaque
924 3413 1119 3490 primo
1169 3412 1408 3490 quidem
1448 3410 1829 3493 exulcerabit,
1876 3411 2091 3472 deinde
2131 3431 2350 3492 expur·
2376 3427 2431 3470 ss

313 3507 446 3577 gata
501 3501 658 3561 omni
715 3498 879 3579 lepra
938 3499 1293 3578 detersaque
1350 3502 1513 3579 putri
1570 3510 1631 3561 et
1683 3500 1882 3562 tabida
1938 3507 2077 3561 cute
2133 3518 2351 3564 novam

314 3587 684 3667 similemque
724 3596 925 3650 cetero
964 3590 1204 3669 corpori
1238 3589 1451 3650 reddet
1488 3608 1598 3651 nec
1638 3591 1948 3651 cicatrices
1979 3587 2182 3650 foedas
2213 3609 2349 3652 esse
