2575 4092
983 247 1463 312 -347—

202 417 270 470 ut
322 408 502 470 modo
559 407 801 489 glutinis
849 408 1261 490 adhaerescat,
1317 413 1491 490 pueri
1548 430 1688 473 vero
1736 415 2123 474 continentur
2168 416 2229 475 in

200 497 439 580 lectulo,
486 498 676 560 donec
724 500 917 560 omnis
963 499 1274 579 turpitudo
1323 501 1700 579 reprimatur.

381 587 734 668 Cyclaminis
781 605 992 649 sucum
1030 587 1201 649 melle
1239 587 1419 667 Lycio
1466 590 1793 669 aequaliter
1838 591 2118 653 miscebis
2164 603 2225 653 et
2263 606 2328 656 61

197 677 338 738 inde
376 676 706 756 pendentes
742 676 1052 738 testiculos
1088 676 1325 760 inlineS,
1370 680 1659 756 optimum
1707 680 1898 741 fertur
1936 698 2066 741 esse
2105 699 2225 742 me-

140 781 170 823 5
198 766 488 828 dicamen.

377 855 457 916 Ut
511 854 852 916 eunuchum
909 856 1035 916 sine
1092 855 1251 915 ferro
1309 855 1514 936 facias,
1575 855 1807 917 radices
1863 860 2092 920 cicutae
2152 877 2222 919 ex
2265 870 2332 921 62

196 953 367 1005 aceto
416 953 575 1005 teres
621 951 682 1004 et
727 943 866 1004 inde
911 942 1221 1004 testiculos
1269 946 1629 1023 spississime
1667 945 1902 1024 inlineS,
1948 954 2074 1007 tum
2113 945 2222 1007 lin·

195 1032 419 1095 teolum
477 1050 658 1112 supra
703 1031 941 1113 ligabis,
996 1050 1071 1093 ne
1118 1032 1354 1093 excidat
1398 1032 1784 1095 medicamen.
1866 994 1994 1096 floc
2042 1053 2223 1115 quan·

194 1129 327 1184 tum
374 1120 773 1183 tenerioribus
810 1121 1138 1182 infantibus
1176 1121 1409 1200 seceriS,
1457 1130 1672 1183 eventu
1715 1123 2047 1185 efficaciore
2085 1142 2222 1203 pro-

110 1228 167 1268 ιο
194 1213 413 1272 veniet.
494 1209 693 1271 Herba
742 1219 859 1290 est,
916 1228 1067 1290 quae
1115 1209 1339 1271 Graece
1390 1210 1744 1292 nymphaea,
1799 1210 2006 1273 Latine
2063 1213 2222 1274 clava
2261 1225 2329 1274 63

191 1299 489 1381 HerculiS,
536 1298 756 1360 Gallice
803 1297 1019 1360 baditis
1060 1297 1417 1380 appellatur3
1460 1301 1591 1360 eius
1629 1300 1795 1360 radix
1833 1302 2224 1363 contunditur

192 1397 257 1449 et
302 1407 376 1449 ex
422 1396 590 1449 aceto
629 1386 857 1449 edenda
894 1387 1070 1448 datur
1106 1404 1294 1465 puero
1332 1405 1440 1466 per
1478 1390 1792 1449 continuos
1829 1389 2034 1451 decem
2074 1391 2218 1473 dieS,

189 1477 530 1539 mirandum
575 1479 638 1537 in
683 1475 924 1537 modum
970 1477 1074 1536 fiet
1119 1475 1448 1537 eunuchus,

367 1565 700 1647 Mulierem,
747 1583 923 1644 quam
960 1572 1027 1625 tu
1065 1563 1364 1646 habueriS,
1412 1573 1479 1625 ut
1517 1582 1838 1645 numquam
1877 1566 2028 1627 alius
2067 1569 2217 1628 inire
2257 1579 2326 1629 64

105 1672 162 1714 ιε
187 1656 410 1735 possit,
467 1655 648 1716 facies
701 1654 842 1715 hoc:
924 1652 1206 1714 Lacertae
1263 1652 1468 1714 viridis
1526 1656 1688 1713 vivae
1747 1656 1986 1715 sinistra
2041 1674 2219 1717 manu

191 1743 443 1805 caudam
501 1742 765 1805 curtabis
821 1760 1070 1821 eamque
1127 1744 1316 1802 vivam
1367 1742 1656 1824 dimittes3
1710 1743 1980 1824 caudam,
2029 1744 2219 1805 donec

188 1834 565 1913 inmoriatur,
613 1831 817 1892 eadem
863 1831 1057 1911 palma
1103 1830 1364 1891 clausam
1403 1830 1634 1891 tenebis
1672 1840 1732 1893 et
1767 1831 2082 1893 mulierem
2119 1852 2216 1894 ve-

189 1922 495 2001 rendaque
544 1922 690 2001 eiuS,
739 1920 879 1981 dum
929 1938 1066 1980 cum
1113 1937 1182 1979 ea
1229 1921 1372 2000 coiS,
1419 1927 1612 1997 tange.

374 2009 437 2070 Si
485 2028 660 2089 quem
708 2009 780 2070 ad
827 2026 1004 2069 usum
1052 2010 1360 2069 venerium
1407 2008 1710 2069 infirmum
1760 2008 2019 2071 volueris
2066 2028 2217 2092 esse,
2256 2021 2324 2072 66

100 2119 157 2159 so
190 2098 556 2178 ubicumque
610 2100 918 2178 minxerit,
984 2115 1164 2177 supra
1226 2097 1437 2158 lotium
1502 2099 1631 2157 eius
1686 2097 1943 2181 obicem,
2007 2100 2067 2160 id
2125 2111 2218 2162 est

189 2188 535 2267 axedonem,
583 2206 656 2248 ex
703 2205 816 2248 usu
862 2188 1028 2265 figes.
1898 2210 1910 2219 ·

369 2275 447 2337 Ut
493 2274 675 2336 rebus
722 2277 979 2336 veneriis
1026 2283 1200 2353 aptus
1247 2277 1357 2355 sis,
1415 2276 1588 2354 piper
1646 2278 1850 2338 tritum
1898 2295 2037 2338 cum
2084 2276 2212 2339 oleo
2253 2288 2320 2338 66

190 2374 253 2426 et
296 2364 469 2426 melle
516 2365 700 2425 misce
748 2374 809 2425 et
854 2382 992 2425 cum
1037 2366 1199 2425 coire
1247 2363 1425 2443 voleS,
1473 2364 1729 2425 verenda
1775 2365 1885 2425 tibi
1929 2366 2129 2428 inline.

370 2453 597 2514 Nocere
645 2471 821 2532 posse
868 2452 1103 2513 feminis
1143 2452 1367 2532 dicunt,
1415 2454 1467 2512 si
1503 2454 1638 2531 quis
1680 2453 2081 2516 membranam
2120 2458 2216 2517 ovi
2253 2466 2320 2517 67

3 2555 4 2560 ’
100 2560 158 2603 25
188 2542 400 2603 balano
448 2561 556 2603 suo
603 2543 836 2620 ingerat
881 2549 943 2602 et
987 2560 1124 2602 cum
1171 2541 1388 2601 femina
1434 2550 1619 2602 coeat.

371 2630 436 2691 Si
487 2649 663 2711 quem
721 2633 882 2691 coire
939 2628 1105 2691 noles
1152 2629 1402 2708 fierique
1450 2630 1656 2708 cupies
1703 2631 1762 2690 in
1811 2608 1926 2692 usu
1972 2634 2213 2694 venerio
2253 2643 2320 2693 68

189 2719 528 2800 tardiorem,
567 2719 641 2780 de
677 2719 939 2799 lucerna,
978 2736 1128 2797 quae
1167 2726 1378 2798 sponte
1419 2720 1818 2799 extinguetur,
1865 2720 2078 2800 fungos
2115 2721 2212 2782 ad·

186 2809 309 2870 huc
355 2810 620 2869 viventes
665 2810 727 2868 in
773 2810 1015 2886 potione
1054 2809 1184 2868 eius
1220 2809 1501 2885 extingue
1541 2805 1975 2886 bibendamque
2019 2811 2210 2870 inscio

11 2975 18 2979 .
188 2897 375 2978 trade,
423 2898 737 2958 confestim
784 2895 1179 2957 enervabitur.

99 3005 159 3046 so
369 2985 434 3046 Si
462 3004 641 3066 quem
670 2984 832 3046 voles
860 3004 969 3065 per
996 2992 1230 3046 noctem
1262 3003 1399 3045 oum
1428 2984 1645 3045 femina
1675 2986 1836 3046 coire
1865 3003 1983 3046 non
2016 3004 2211 3068 posse,
2251 3000 2317 3049 69

186 3074 477 3154 pistillum
515 3082 863 3135 coronatum
902 3073 1014 3135 sub
1050 3072 1208 3134 lectu
1247 3071 1406 3134 illius
1443 3091 1617 3152 pone.
1693 3072 1908 3134 Semen
1946 3074 2210 3138 lactucae
2251 3089 2318 3139 70

186 3166 397 3225 tritum
444 3181 518 3224 ex
565 3181 714 3242 aqua
762 3171 968 3242 potum
1015 3164 1279 3240 vigorem
1327 3164 1522 3223 coitus
1569 3170 1827 3223 enervat.

365 3251 626 3313 Naturae
682 3254 805 3312 sive
853 3260 1087 3312 veretro
1134 3250 1288 3311 virili
1335 3251 1664 3313 remedium
1713 3252 1918 3313 efficax
1967 3255 2069 3314 sic.
2147 3252 2208 3314 Si
2249 3267 2314 3316 71

184 3343 248 3402 in
286 3350 522 3402 veretro
571 3358 803 3401 summo
841 3339 1040 3400 clavus
1077 3348 1252 3457 natus
1291 3340 1472 3402 suerit
1509 3340 1734 3401 habens
1774 3340 1987 3402 callum
2024 3359 2207 3420 puru-

367 3552 395 3601 1
433 3544 712 3616 gluttinis.
866 3552 897 3600 2
936 3546 1282 3615 reprimetur.
1440 3552 1471 3601 6
1510 3544 1700 3601 facies.
1859 3551 1924 3599 11
1963 3545 2209 3616 nimphe.

189 3623 257 3674 18
295 3617 470 3689 cogis.
616 3624 686 3672 20
722 3616 980 3671 muxerit.
1126 3622 1192 3673 31
1231 3618 1384 3674 lectu
1422 3618 1566 3687 (sic).
1604 3615 1755 3672 lecto
1798 3614 2116 3673 Cornarius.

3 3495 8 3662 '

3 3945 8 4064 1
