2575 4092
51 159 54 242 ⁴
956 209 1441 274 -113—

51 373 54 468 4
208 372 314 433 duo
353 373 517 452 digiti
552 373 731 434 medii
766 372 887 434 lino
925 371 1103 433 simul
1139 373 1515 453 copulentur,
1563 374 1762 434 statim
1808 373 2079 453 proderit
2113 374 2212 435 ad-

207 480 427 522 versum
480 464 755 542 pituitam
810 470 870 523 et
925 461 1303 541 gravedinem
1351 471 1411 524 et
1457 460 1913 524 destillationem
1958 465 2210 526 narium.

207 550 352 612 Ciuis
403 559 690 612 testarum
746 570 819 612 ex
865 552 1109 632 ostreis,
1163 554 1216 612 si
1264 553 1328 613 in
1389 568 1614 612 morem
1671 550 1810 614 salis
1854 570 2006 632 pane
2053 552 2212 614 colli·
2252 565 2321 617 ‘12

206 648 364 718 gatur
399 649 459 701 et
493 648 753 721 voretur,
791 641 992 701 statim
1024 640 1097 701 ad
1125 638 1546 701 removendam
1572 640 1950 719 gravedinem
1979 644 2211 704 narium

160 746 184 787 5
204 729 479 811 proderit3
525 731 691 809 porri
725 747 975 809 quoque
1020 730 1261 809 capitati
1310 728 1448 790 folia
1492 731 1746 812 incocta,
1805 732 1856 792 si
1892 733 2024 793 sine
2062 749 2213 811 pane

205 818 639 899 manducentur,
675 818 1000 898 plurimum
1042 825 1313 898 prosunt.
1378 817 1645 897 Corrigia
1683 821 1893 880 canina
1930 820 2066 881 rudi
2104 838 2215 881 nec
2253 835 2321 885 ’13

204 925 465 986 umquam
521 915 702 968 uncta
761 907 1011 987 quilibet
1074 907 1297 987 digitus
1351 909 1415 968 in
1479 908 1686 987 quavis
1752 926 1932 969 manu
2001 908 2215 988 ligatus

204 997 515 1057 remedium
565 995 1001 1057 destillantibus
1048 996 1296 1057 naribus
1341 1004 1619 1075 praestat.
1704 997 1915 1059 Oleum
1962 996 2216 1059 calidum
2257 1012 2323 1062 74

204 1088 351 1146 eunti
392 1085 716 1147 dormitum
755 1087 829 1166 ei,
869 1087 973 1164 qui
1000 1085 1367 1164 gravidinem
1403 1086 1637 1146 narium
1673 1089 1916 1168 patitur,
1952 1088 2015 1148 in
2053 1105 2215 1149 cere·

140 1192 182 1230 ιο
204 1172 364 1234 hrum
393 1173 733 1235 infunditur
770 1182 830 1235 et
857 1176 920 1234 in
949 1192 1126 1235 aures
1154 1176 1494 1250 inmittitur,
1522 1172 1659 1235 ilico
1688 1176 1949 1255 prodest.
2006 1175 2219 1237 Ostrea
2259 1191 2324 1239 75

51 1259 52 1264 ’
204 1265 275 1323 ita
327 1272 392 1324 ut
444 1264 599 1324 lecta
645 1272 787 1325 sunt
832 1262 1025 1324 adhuc
1079 1265 1253 1324 testis
1309 1265 1434 1325 suis
1489 1262 1686 1325 clausa
1741 1267 1806 1327 in
1860 1264 2218 1328 carbonibus

205 1360 528 1431 coquuntur
568 1359 745 1431 atque
781 1354 863 1412 ita
901 1352 1034 1413 cibo
1072 1353 1291 1413 dantur
1328 1354 1401 1433 ei,
1439 1355 1542 1432 qui
1583 1356 1947 1432 gravidinem
1986 1356 2219 1415 narium

202 1443 437 1523 patitur3
485 1449 652 1502 creta
700 1459 937 1520 quoque
975 1440 1217 1501 Cimolia
1256 1460 1330 1502 ex
1363 1450 1530 1501 aceto
1568 1450 1742 1503 tunsa
1780 1461 1959 1521 quam
1994 1443 2219 1504 densis·

204 1532 336 1590 sima
375 1530 566 1591 fronti
603 1532 733 1591 eius
768 1531 1093 1611 inponitur,
1131 1533 1230 1591 cui
1268 1531 1509 1608 sanguis
1538 1529 1631 1591 vel
1657 1532 1868 1609 pituita
1896 1530 2220 1592 descendit.

137 1621 181 1674 15'
203 1616 494 1680 Masticem
561 1638 698 1680 cum
755 1621 959 1698 pipere
1013 1621 1256 1680 mixtam
1315 1620 1419 1697 qui
1473 1618 1579 1679 diu
1628 1620 2222 1698 commanducaverit,
2262 1635 2328 1684 ’16

203 1707 471 1769 calefacto
529 1708 782 1769 cerebro
838 1726 1072 1768 omnem
1127 1724 1398 1768 umorem
1445 1708 1679 1768 narium
1726 1707 2044 1770 cohibebit.
2126 1706 2224 1769 Git
2262 1725 2328 1775 7⁷

203 1796 446 1858 calidum
504 1804 792 1859 tostatum
847 1798 912 1857 in
966 1796 1207 1857 linteolo
1262 1794 1623 1873 conligatum
1680 1806 1741 1858 et
1796 1815 1971 1876 saepe
2017 1796 2223 1857 odora-

202 1892 320 1946 tum
348 1886 719 1966 gravidinem
749 1888 984 1946 narium
1020 1897 1080 1947 et
1106 1887 1383 1965 pituitam
1413 1884 1683 1968 depellit3
1724 1887 1958 1947 tunicae
1988 1903 2225 1965 quoque

204 1978 409 2036 veteris
457 1974 787 2037 conbustae
834 1974 1034 2035 fumus
1080 1973 1428 2053 frequenter
1473 1974 1719 2037 naribus
1757 1976 2030 2036 admotus
2066 1974 2224 2035 idem

132 2078 176 2118 20
202 2073 468 2141 praestat.
526 2063 807 2125 Proderit
836 2065 893 2124 ei
920 2062 1263 2144 plurimum,
1293 2064 1398 2141 qui
1425 2063 1789 2144 gravidinem
1820 2067 2050 2125 narium
2080 2065 2226 2144 pati·
2265 2079 2331 2129 '¹18

51 2155 54 2170 ³
202 2163 319 2234 tur,
372 2157 424 2214 si
480 2156 547 2214 in
596 2152 801 2214 charta
847 2170 911 2212 se
958 2160 1239 2229 emungat
1294 2170 1543 2232 eamque
1593 2152 1886 2232 alligatam
1942 2153 2224 2234 epistolae

200 2242 366 2303 modo
412 2244 476 2303 in
526 2240 834 2321 publicum
882 2240 1123 2321 abiciat,
1179 2249 1239 2301 et
1295 2243 1347 2301 si
1400 2242 1463 2301 in
1511 2244 1772 2303 cinerem
1820 2261 1884 2303 se
1931 2251 2228 2324 emungat,

200 2348 377 2410 aeque
424 2331 704 2412 proficiet
749 2331 821 2391 ad
870 2333 1199 2390 sanitatem.
1279 2328 1474 2390 Salem
1521 2337 1748 2393 torreat
1793 2338 1854 2392 et
1889 2334 1951 2393 in
1990 2340 2226 2393 noctem
2267 2351 2333 2401 '¹19

202 2418 309 2479 sibi
335 2420 411 2480 ad
439 2419 763 2481 cerebrum
789 2421 851 2480 in
883 2437 1055 2479 sacco
1083 2418 1245 2499 liget,
1281 2419 1388 2496 qui
1416 2420 1689 2498 pituitam
1716 2422 1958 2499 patitur.
2010 2420 2227 2500 Ceparn
2266 2441 2334 2490 go

131 2523 176 2563 25
201 2507 389 2570 Afram
421 2508 818 2571 conditoriam
850 2517 1158 2568 contusam
1191 2525 1330 2567 cum
1357 2515 1524 2568 aceto
1562 2511 1854 2570 acerrimo
1885 2511 2228 2570 commisce-

201 2595 288 2657 bis
342 2606 402 2659 et
460 2598 728 2675 adpones
785 2596 1031 2658 naribus
1078 2598 1235 2676 eius,
1292 2597 1391 2656 cui
1438 2599 1676 2674 sanguis
1722 2598 1880 2678 fluit,
1936 2606 1996 2659 et
2041 2598 2112 2658 ad
2166 2616 2228 2658 se

201 2687 440 2748 naribus
499 2685 698 2747 trahat
743 2694 803 2746 et
858 2686 1031 2764 quasi
1075 2684 1330 2764 sorbeat,
1380 2688 1580 2746 statim
1626 2686 1884 2747 cessabit
1930 2689 2125 2748 sanies
2172 2694 2234 2747 et

201 2773 392 2837 fluxus
421 2774 815 2837 inhibebitur.
875 2773 1155 2834 Radicem
1186 2773 1469 2834 cannabis
1497 2773 1739 2836 brachio
1777 2775 1988 2836 dextro
2025 2775 2232 2855 ligato;
2270 2798 2337 2848 81

203 2866 252 2923 si
305 2873 500 2925 totum
559 2863 869 2925 brachium
926 2864 1186 2923 cinxeris
1243 2862 1316 2922 de
1373 2864 1500 2941 ipsa
1554 2865 1781 2943 radice,
1839 2864 2052 2925 melius
2100 2866 2231 2943 erit,

130 2965 178 3006 so
204 2954 291 3013 sin
346 2972 493 3015 vero
550 2962 780 3031 partem
836 2950 1143 3025 habueriS,
1210 2949 1360 3011 collo
1423 2952 1718 3032 suspende
1775 2945 2011 3030 ligatam
2076 2953 2232 3034 licio,

204 3042 357 3119 quod
405 3044 472 3103 in
520 3041 637 3102 tela
683 3041 890 3121 fuerit,
945 3048 1005 3100 et
1050 3050 1120 3100 ut
1165 3042 1347 3117 sciaS,
1395 3049 1613 3117 quanta
1659 3044 1746 3101 vis
1794 3043 1872 3101 sit
1917 3041 2095 3104 huius
2141 3061 2232 3103 re·

205 3131 408 3212 medii,
464 3129 573 3191 ubi
626 3129 956 3208 alligaveris
1009 3128 1161 3190 hanc
1208 3128 1495 3209 radicem,
1553 3132 1749 3190 statim
1806 3133 2048 3209 sanguis
2102 3149 2233 3210 per-

50 3321 76 3372 *
343 3308 377 3356 2
427 3299 877 3356 distillationem.
1070 3307 1102 3356 6
1150 3300 1391 3371 corrigio
1439 3300 1638 3355 canino
1684 3306 1717 3355 1
1729 3318 1797 3356 m.
1989 3307 2019 3357 7
2065 3304 2238 3357 uncta

209 3372 391 3428 Ptin„-
442 3371 650 3426 uincto.
687 3377 721 3426 1
730 3389 782 3426 m
829 3371 1021 3427 uincta
1058 3376 1177 3427 2m.
1217 3441 1224 3446 ‚
1361 3379 1392 3427 9
1441 3370 1790 3441 gravidinem
1834 3377 1933 3426 1m
1977 3372 2236 3442 gravedi-

204 3461 331 3498 nem
369 3449 495 3500 2m.
637 3447 701 3497 13
742 3443 1097 3498 chimmonia..
1245 3448 1312 3497 16
1349 3444 1659 3497 humorem.
1804 3448 1872 3497 23
1909 3444 2113 3513 aeque]
2152 3460 2235 3497 ae.

206 3519 273 3568 25
311 3511 663 3570 commisces,
776 3519 845 3569 28
880 3512 1233 3569 inhibebitur
1266 3514 1495 3584 scripsi.-
1530 3512 1819 3568 inhibitur.
1966 3529 2240 3583 conupem

199 3601 307 3653 pro
349 3585 639 3640 cannabis.

312 3685 637 3735 Mnncnmms,
662 3693 742 3725 En.
769 3684 1081 3725 Hnnmmtcn.
1886 3676 1919 3725 8
