2575 4092
976 185 1453 250 -115—

217 343 321 404 Alii
355 344 613 406 tunicula
651 345 744 407 vel
780 348 1217 425 operimentum
1257 349 1386 426 pari
1421 349 1597 409 modo
1633 348 1804 410 labiis
1839 349 2221 428 profuturum
2259 363 2293 415 7

218 441 277 494 61
317 434 618 495 baerescat
653 437 1015 514 inprimitur.
1079 435 1297 497 Sevum
1334 436 1502 498 bovis
1541 437 1632 499 vel
1668 439 1838 500 vituli
1875 458 2011 500 cum
2049 440 2222 520 adipe
2259 452 2293 503 8

215 525 475 584 anserino
521 526 845 603 inpositum
891 526 1073 585 rimas
1120 527 1532 605 scissurasque
1579 528 1701 587 oris
1747 529 1971 607 optime
2011 531 2221 607 iungit.

211 609 342 691 Fagi
385 612 519 673 folia
566 613 1052 674 commanducata
1099 622 1354 692 prosunt
1396 614 1751 677 exulceratis
1787 616 1960 678 labiis
1998 625 2059 678 et
2094 621 2218 697 gin·
2257 630 2291 680 9

164 714 186 755 5
209 702 364 784 giviS,
399 703 449 762 si
486 720 623 763 cum
660 720 870 763 umore
909 703 1122 763 salivae
1152 704 1531 782 inponantur.
1590 705 1928 784 Serpullum
1957 706 2221 787 herbam,
2260 718 2327 768 10

208 807 371 867 quam
407 790 557 851 Galli
602 789 853 870 gilarum
901 791 1124 872 dicunt,
1172 794 1410 854 ieiunus
1458 793 1563 853 diu
1609 795 2076 876 commanducet‚
2123 798 2222 857 cui

207 896 266 938 os
309 879 529 962 16161111,
575 889 637 941 et
677 879 930 958 gluttiat.
1003 879 1277 941 Murinus
1321 883 1490 961 cinis,
1537 883 1599 943 id
1645 891 1737 943 est
1782 883 1978 962 pulvis
2023 887 2221 946 exusti
2260 897 2325 945 11

205 970 405 1048 1116115,
460 987 601 1030 66111
656 968 828 1030 1116116
883 968 1165 1030 dentibus
1229 970 1507 1031 infrictus
1571 971 1819 1033 halitum
1874 972 2042 1033 fetidi
2097 976 2220 1034 oris

207 1058 478 1119 emendat.
572 1057 735 1118 Folia
789 1060 970 1138 myrti
1023 1066 1085 1119 et
1138 1058 1374 1120 lentisci
1427 1061 1560 1138 pari
1612 1061 1878 1140 pondere
1929 1070 1989 1123 et
2034 1061 2217 1141 gallae
2262 1073 2325 1121 12

138 1158 182 1198 10
205 1143 463 1225 Syriacae
513 1146 824 1208 dimidium
869 1147 1106 1226 pondus
1153 1165 1269 1208 una
1318 1150 1433 1209 teri
1469 1158 1706 1228 oportet
1743 1158 1804 1211 et
1841 1168 2042 1231 sparsa
2081 1154 2218 1212 vino

203 1251 360 1295 mane
398 1256 430 1297 a
468 1237 673 1296 ieiuno
715 1236 1198 1297 commanducari
1243 1236 1332 1298 vel
1380 1240 1473 1308 ori
1518 1238 1702 1299 fetido
1747 1241 1970 1318 inponi.
2049 1239 2217 1318 Capi·
2260 1249 2325 1299 13

203 1323 271 1383 tis
322 1323 578 1404 leporini
633 1327 831 1386 exusti
884 1327 1036 1386 cinis
1092 1344 1230 1388 cum
1275 1327 1462 1387 nardo
1509 1327 1603 1387 vel
1649 1346 1786 1389 cum
1833 1329 2007 1390 melle
2053 1331 2219 1408 inpo-

202 1414 339 1474 situs
401 1414 555 1475 lenit
617 1413 1012 1493 graveolentia
1077 1416 1199 1475 oris
1265 1414 1484 1477 ulcera.
1581 1416 1842 1477 Acorum
1905 1417 2219 1478 Ponticum
2261 1427 2326 1475 14

200 1502 422 1565 ieiunus
469 1504 602 1564 vice
646 1504 911 1563 masticis
957 1503 1221 1583 mandat,
1277 1505 1381 1583 qui
1432 1504 1736 1566 emendari
1791 1505 2047 1567 voluerit
2097 1508 2220 1566 oris

49 1565 52 1660 f
133 1601 177 1642 1⁵
199 1589 450 1653 fetorem.
550 1591 768 1653 Contra
836 1594 958 1652 oris
1022 1592 1274 1653 fetorem
1341 1594 1651 1672 origanum
1715 1602 1777 1654 et
1841 1593 2025 1654 salem
2089 1597 2220 1672 pari
2260 1603 2324 1652 15

49 1683 52 1698 ⁵
197 1697 464 1742 mensura
514 1689 793 1742 conteres
840 1688 900 1741 et
935 1681 1074 1742 inde
1111 1699 1283 1741 mane
1330 1699 1398 1742 ac
1445 1699 1694 1760 vespera
1739 1683 2004 1761 gingivas
2050 1682 2222 1742 frica-

197 1766 307 1848 bis3
365 1780 432 1832 61
485 1788 632 1830 vero
688 1788 755 1829 os
811 1776 978 1831 tuum
1028 1788 1264 1849 semper
1310 1770 1462 1831 bene
1510 1770 1680 1851 oleat,
1727 1788 2015 1850 cyperum
2062 1789 2218 1831 66111-

201 1859 474 1942 manduca
533 1857 628 1919 vel
681 1860 839 1919 intra
895 1877 963 1919 os
1013 1867 1170 1921 tene.
1261 1858 1603 1920 Oscidinem
1649 1859 1834 1920 herba
1880 1858 2221 1920 Britannica
2261 1868 2326 1917 16

197 1948 392 2009 viridis
439 1957 679 2026 sumpta
725 1949 788 2008 in
835 1947 969 2008 cibo
1016 1947 1280 2009 lactucae
1327 1948 1502 2009 modo
1559 1955 1753 2026 sanat3
1809 1950 1985 2009 tritae
2040 1949 2217 2009 etiam

129 2047 174 2087 20
197 2042 362 2114 atque
420 2054 743 2116 expressae
800 2054 983 2097 sucus
1042 2038 1096 2097 si
1149 2055 1253 2097 ore
1301 2039 1705 2116 contineatur,
1759 2039 1911 2098 mire
1957 2037 2221 2117 prodest.

196 2122 356 2194 Quod
413 2128 465 2187 si
522 2125 775 2185 viridem
830 2143 951 2186 non
1005 2125 1314 2205 habueris,
1377 2126 1601 2186 aridam
1657 2126 1904 2187 infunde
1959 2127 2096 2188 vino
2162 2134 2222 2188 et

197 2213 398 2275 deinde
446 2233 622 2275 sume
669 2232 797 2274 eam
844 2221 905 2274 et
942 2216 1206 2293 exprime
1243 2214 1530 2294 illumque
1570 2234 1779 2276 sucum
1818 2217 1974 2277 intra
2017 2234 2086 2277 os
2123 2216 2220 2277 ad-

196 2303 358 2364 sidue
391 2313 537 2365 tene
575 2311 678 2363 aut
714 2304 890 2363 etiam
929 2302 1236 2384 gargaliza,
1274 2306 1423 2364 mire
1460 2304 1721 2382 prodest.
1789 2302 1961 2365 Cicer
1999 2305 2220 2366 colum·
2262 2313 2325 2362 17

195 2388 392 2452 binum
447 2401 819 2454 maceratum
874 2393 1201 2471 tritumque
1263 2400 1324 2453 et
1378 2394 1631 2470 gingivis
1676 2392 1911 2453 inlitum
1959 2393 2220 2471 prodest.

125 2490 171 2531 25
193 2478 394 2542 Ulcera
442 2483 818 2561 gingivarum
864 2480 1347 2560 tossillarumque
1399 2480 1793 2542 carbunculos
1834 2480 1946 2542 hac
1991 2483 2222 2542 ratione
2262 2489 2327 2539 18

197 2570 454 2631 curabis:
501 2570 782 2630 Polentae
829 2577 1032 2648 partes
1078 2569 1225 2629 duas
1270 2578 1333 2630 et
1379 2569 1517 2630 salis
1563 2578 1792 2648 partem
1844 2587 2024 2631 unam
2069 2569 2220 2631 bene

196 2669 500 2720 contusam
542 2660 918 2738 conspargito
957 2677 1030 2719 ex
1067 2659 1278 2738 mulso,
1317 2658 1530 2720 deinde
1568 2677 1640 2719 ex
1677 2658 1771 2719 his
1799 2676 1983 2737 panes
2009 2665 2222 2720 tenues

197 2747 364 2808 facito
423 2766 653 2827 eosque
710 2747 884 2808 furno
940 2756 1043 2808 aut
1097 2746 1330 2807 clibano
1386 2749 1631 2827 pistoris
1678 2749 1918 2827 coquito
1979 2755 2040 2808 et
2086 2765 2222 2808 cum

195 2853 339 2914 opus
388 2837 594 2915 fuerit,
640 2835 791 2896 bene
840 2838 1131 2896 contritos
1178 2854 1250 2896 ex
1298 2854 1449 2915 aqua
1495 2837 1748 2915 gingivis
1784 2835 2037 2915 inlinito,
2084 2855 2222 2896 con·

123 2927 357 2985 30111166
407 2924 798 2986 sanabuntur.
855 2924 1101 2985 Arboris
1140 2927 1323 3004 pruni
1358 2924 1495 2985 folia
1533 2943 1669 2986 cum
1710 2926 1844 2985 vino
1881 2924 2222 3004 (1666611611-
2264 2933 2327 2981 19

195 3022 313 3094 tur,
370 3032 585 3075 eorum
640 3031 822 3074 sucus
877 3032 1197 3093 expressus
1253 3015 1411 3074 intra
1468 3032 1533 3074 os
1580 3019 1850 3074 retentus
1896 3013 2219 3092 plurimum

194 3103 454 3179 prodest.
551 3101 876 3163 Galbanum
932 3102 1102 3163 melle
1157 3102 1487 3163 delibutum
1543 3102 1742 3163 ulcera
1789 3104 1852 3162 in
1899 3120 2022 3183 ore,
2070 3121 2220 3181 quae
2260 3109 2329 3159 26

197 3189 404 3253 Graeci
452 3191 704 3269 aphthas
749 3199 986 3270 vocant,
1033 3190 1269 3252 inlitum
1317 3199 1500 3252 sanat.
1590 3190 1788 3252 Pulvis
1835 3192 2223 3252 tenuissimus
2261 3199 2325 3247 21

197 3284 343 3341 costi
381 3280 710 3363 ulceribuS‚
756 3298 907 3359 quae
944 3282 1005 3340 in
1045 3298 1147 3340 ore
1187 3288 1382 3361 erunt,
1419 3280 1723 3359 adpositus
1770 3282 1918 3340 mire
1959 3278 2224 3358 prodest.

334 3494 367 3541 2
407 3487 501 3558 ut]
543 3487 657 3542 aut.
774 3493 807 3542 8
843 3486 1057 3543 faetidi.
1181 3493 1243 3541 11
1283 3486 1502 3541 fodito:
1589 3490 1657 3540 15
1695 3484 1892 3539 fetare.
2000 3486 2075 3538 25
2107 3484 2225 3537 tos·

197 3558 593 3625 senarumque.
693 3563 762 3612 32
800 3558 1117 3614 dilibutnm.
1299 3563 1366 3612 33
1404 3556 1598 3626 aphas.
1723 3560 1793 3610 34
1828 3554 2081 3624 prodest]
2121 3555 2223 3609 est.

1831 3643 1904 3697 8*
