2575 4092
942 200 1250 267 -147
1349 238 1424 249 —-

208 358 284 419 vel
325 378 466 439 quae
509 363 667 424 intra
711 383 780 425 os
825 364 1027 425 dolent
1073 365 1355 426 conficies
1400 366 1514 426 sic:
1569 364 1801 444 Piperis
1851 396 1926 407 —
1979 363 2023 443 1,
2068 363 2195 426 folii

205 478 273 490 —
307 448 357 529 1,
401 452 596 529 spicae
644 453 814 513 nardi
860 446 942 541 ,9-
979 452 1114 534 XII,
1160 472 1392 534 myrrae
1442 446 1523 539 ,9-
1561 451 1696 532 XII,
1750 454 1905 514 costi
1950 445 2032 540 ,9-
2069 452 2194 534 XII,

203 539 371 599 casiae
404 540 635 602 fistulae
674 534 756 629 ,9-
784 540 912 622 XII,
948 541 1109 603 aloes
1145 535 1227 630 ,9-
1255 541 1383 622 1111,
1418 549 1618 621 guttae
1656 543 2007 603 ammoniaci
2034 575 2123 585 —
2150 540 2194 622 I,

201 623 548 690 dactulorum
610 649 746 691 ossa
800 641 1148 692 exustorum
1205 623 1287 718 ,9-
1333 630 1470 710 XII,
1533 630 1820 692 salsarum
1884 630 2194 691 sardarum

156 732 178 772 5
199 717 369 792 capita
409 720 551 779 trita
599 711 681 806 40-
718 717 843 799 XII,
887 728 1057 781 rutae
1103 721 1350 781 seminis
1396 712 1478 807 ,20-
1515 717 1641 800 XII,
1685 728 1918 780 mentae
1956 711 2038 806 40-
2066 717 2195 794 XII,

195 803 336 879 pulei
379 797 457 892 ,9-
496 805 633 888 XII,
680 808 905 889 anethi,
960 810 1106 889 apii,
1152 807 1416 888 coliculi,
1477 806 1850 889 cucurbitae,
1906 805 2195 868 marrubii

195 894 350 968 scrip.
394 895 686 957 duodena.
766 895 976 958 Omnia
1032 897 1250 959 tundes
1297 904 1359 958 et
1403 914 1615 957 cernes
1661 904 1724 957 et
1769 913 1921 976 quae
1965 895 2193 957 urenda

195 991 316 1042 sunt
358 1001 539 1063 super
587 993 809 1047 testum
856 984 1174 1047 combures
1210 993 1272 1047 et
1310 993 1469 1047 teres
1511 995 1690 1066 atque
1726 987 1788 1046 in
1827 1002 1966 1045 vaso
2001 986 2192 1045 vitreo

192 1085 423 1147 repones
469 1081 533 1135 et
578 1092 717 1135 cum
762 1092 914 1154 opus
962 1074 1160 1154 fuerit,
1206 1076 1368 1135 sicco
1415 1092 1485 1135 eo
1532 1078 1739 1135 uteris.

131 1173 170 1213 1⁰
348 1160 433 1221 Ad
488 1163 833 1242 synanchen
889 1163 1219 1224 remedium
1275 1165 1390 1225 sic:
1463 1162 1818 1225 Cuniculum
1873 1164 2071 1223 vivum
2131 1164 2191 1223 in
2231 1172 2299 1223 66

193 1243 289 1307 olla
339 1250 476 1310 rudi
530 1250 849 1313 combures
903 1259 968 1313 et
1023 1251 1328 1329 pulverem
1385 1252 1458 1313 de
1514 1254 1644 1331 ipso
1702 1259 1870 1314 costo
1929 1259 1990 1312 et
2052 1249 2192 1312 folio

190 1338 374 1414 aequis
435 1339 807 1419 ponderibus
869 1339 1151 1402 miscebis
1224 1350 1285 1402 et
1356 1343 1443 1401 sic
1518 1343 1580 1402 in
1645 1343 1884 1421 potione
1950 1339 2195 1420 plenum

192 1424 434 1487 cocleare
474 1428 549 1490 de
587 1427 703 1489 hoc
739 1428 984 1507 pulvere
1023 1447 1157 1490 cum
1197 1430 1334 1490 vino
1370 1428 1540 1490 dabis
1569 1438 1747 1510 atque
1784 1430 1963 1489 etiam
1991 1426 2195 1489 fauces

189 1511 309 1573 inde
352 1515 725 1593 perfricabis.
804 1516 994 1596 Caput
1037 1519 1275 1598 viperae
1321 1517 1567 1579 linteolo
1614 1515 1973 1595 conligatum
2020 1514 2194 1576 collo·
2233 1526 2301 1577 67

129 1614 170 1655 1⁵
192 1616 292 1678 que
335 1621 694 1686 suspensum
752 1605 905 1667 toles
959 1608 1181 1686 optime
1239 1614 1408 1667 sanat
1462 1615 1566 1667 aut
1618 1604 1897 1684 prohibet
1951 1605 2195 1664 innasci.

187 1685 288 1751 Lac
340 1711 673 1773 capruuum
728 1713 863 1756 cum
920 1695 1106 1756 malva
1162 1703 1224 1756 et
1274 1697 1489 1773 exiguo
1538 1694 1659 1754 sale
1706 1694 2019 1754 decoctum
2065 1708 2194 1769 gar-
2233 1702 2302 1754 68

189 1781 614 1863 garizatumque
668 1783 882 1844 tosillis
931 1786 1123 1863 prime
1170 1784 1460 1845 medetur.
1551 1782 1860 1843 Menarnm
1907 1779 2193 1841 salsarum
2233 1791 2301 1842 69

188 1874 437 1932 astarum
484 1872 562 1932 de
611 1871 905 1950 capitibus
950 1874 1102 1933 cinis
1149 1890 1221 1933 ex
1267 1871 1441 1932 melle
1485 1871 1691 1933 inlitus
1728 1868 1999 1932 faucibus
2035 1869 2195 1946 angi·

187 1970 306 2017 nam
350 1960 608 2021 cohibet.
698 1960 883 2039 Aqua,
928 1963 991 2021 in
1038 1978 1155 2040 qua
1200 1978 1337 2021 mus
1383 1968 1590 2022 coctus
1636 1961 1835 2040 fuerit,
1880 1957 2193 2018 adversum
2231 1967 2300 2018 7ο

123 2054 165 2094 2⁰
187 2047 408 2123 anginas
462 2047 787 2109 salubriter
840 2050 1029 2110 inscio
1085 2050 1454 2129 propinatur.
1546 2048 1803 2110 Caninae
1859 2048 2016 2108 cutis
2063 2063 2193 2106 cor·
2234 2057 2300 2106 71

185 2133 383 2209 rigium
421 2148 520 2200 ter
556 2136 706 2197 collo
745 2137 1177 2198 circumdatum
1215 2140 1365 2199 mire
1403 2139 1675 2217 anginam
1704 2136 1943 2198 relevat.
1998 2134 2193 2196 Multi·
2234 2145 2302 2195 72

186 2221 351 2295 pedes
395 2228 689 2307 cutiones‚
737 2228 842 2305 qui
885 2228 949 2287 in
994 2235 1261 2288 stercore
1309 2234 1637 2288 nascuntur
1676 2228 1897 2307 quique
1936 2225 2196 2286 contacti

185 2308 239 2367 in
281 2311 547 2389 globulos
594 2315 1009 2393 conplicantur
1054 2315 1282 2376 adiecta
1338 2317 1513 2376 tertia
1559 2323 1728 2393 parte
1775 2316 2010 2375 resinae
2057 2313 2194 2374 vali-

188 2394 411 2464 dissime
461 2405 592 2463 triti
636 2409 697 2463 et
741 2403 1105 2483 malagmatis
1153 2406 1278 2464 vice
1325 2405 1571 2483 inpositi
1625 2405 1980 2481 incipientes
2025 2418 2194 2480 paro-

122 2494 164 2536 25
187 2486 327 2549 tidas
378 2494 658 2571 aperiunt
719 2500 781 2553 et
843 2501 1202 2573 expurgant,
1265 2500 1589 2554 maturatas
1653 2510 1793 2553 vero
1856 2496 2194 2569 persanant.

188 2572 439 2659 Axungia
495 2588 668 2641 vetus
722 2599 860 2642 cum
914 2588 1067 2642 testa
1113 2583 1239 2641 vasi
1285 2581 1713 2642 salsamentarii
1760 2587 2011 2640 contusa
2057 2576 2193 2638 sub·
2233 2589 2301 2638 73

188 2674 418 2747 actaque
458 2676 521 2729 et
548 2668 813 2748 adposita
852 2669 1262 2731 collectionem
1299 2669 1635 2748 parotidum
1674 2667 2050 2729 laudabiliter
2077 2666 2193 2727 dis·

187 2756 337 2816 cutit.
418 2755 690 2836 Vulpinis
750 2758 1043 2819 testiculis
1103 2758 1449 2819 recentibus
1502 2759 1807 2837 parotides
1869 2762 2193 2835 perunctae
2233 2766 2302 2815 74

187 2840 291 2901 cito
326 2846 750 2907 discutiuntur.
822 2845 1116 2908 Muricum
1154 2855 1344 2908 testae
1381 2855 1644 2908 uruntur
1681 2863 2004 2924 earumque
2042 2843 2193 2904 cinis
2233 2854 2300 2903 75

120 2936 163 2978 ³⁰
186 2944 311 2992 cum
353 2933 528 2995 melle
573 2934 945 3013 parotidibus
993 2934 1313 2996 salubriter
1358 2937 1683 3015 inponitur.
1766 2933 1934 2995 Fimo
1981 2949 2193 3011 caprae
2234 2944 2301 2993 76

187 3025 425 3103 axungia
479 3030 650 3084 vetus
704 3026 995 3102 permixta
1052 3031 1114 3085 et
1168 3024 1413 3085 subacta
1460 3032 1638 3103 atque
1689 3032 1758 3085 ut
1808 3022 2194 3102 emplastrum

187 3106 437 3187 adposita
484 3113 784 3191 parotidas
832 3120 1125 3192 persanat.
1202 3112 1393 3174 Calcis
1438 3113 1604 3174 floris
1651 3106 1732 3199 ,9-
1771 3111 1867 3192 111,
1913 3112 2026 3173 alei
2071 3111 2190 3189 spi-
2232 3121 2298 3169 77

188 3211 275 3257 cas
301 3201 447 3261 duas
475 3220 623 3267 cum,
648 3205 899 3280 axungia
936 3202 1155 3262 tundes
1192 3211 1253 3264 et
1290 3204 1542 3281 inpones
1579 3201 1950 3281 parotidibus
1977 3199 2192 3275 malag-

185 3290 345 3352 matis
408 3307 593 3351 more.
684 3289 1065 3352 Nasturcium
1130 3309 1267 3353 cum
1331 3292 1591 3352 lomento
1646 3292 1969 3352 contritum
2026 3291 2195 3348 sanat
2233 3295 2299 3345 78

312 3502 344 3550 3
382 3498 561 3565 gutta.
710 3502 777 3551 10
814 3497 1170 3566 synanchem.
1321 3503 1385 3551 12
1426 3499 1484 3551 et
1519 3514 1620 3551 om.
1741 3502 1806 3550 15
1845 3510 2191 3564 suspensam.

183 3564 246 3616 20
279 3571 636 3638 proponatur.
782 3573 849 3623 23
886 3568 1162 3639 glob0108.
1311 3572 1382 3621 24
1416 3567 1638 3622 uuiuice
1680 3568 1818 3637 (sic).

1766 3652 1872 3708 10*
