2575 4092
976 246 1410 311 „61-

175 429 314 471 cum
372 410 467 469 ovi
523 417 741 488 aquato
796 409 1026 488 liquore
1081 427 1191 489 per
1236 428 1319 470 se.
1410 408 1654 470 Necnon
1702 418 1762 471 et
1806 409 1921 470 hoc
1967 408 2211 490 collyrio
2249 420 2282 470 6

177 498 423 578 quidam
459 499 523 558 in
562 499 752 558 initiis
791 506 1058 573 utuntur,
1107 498 1264 577 quod
1304 516 1335 559 a
1374 499 1613 559 cinereo
1651 497 1851 559 colore
1890 499 2209 578 spodiacon

178 586 539 666 appellatur,
587 588 946 666 conponitur
991 595 1189 648 autem
1237 605 1310 648 ex
1357 586 1479 648 his:
1536 586 1811 648 Cadmiae
1857 586 2212 668 botryitidos

178 685 350 736 ustae
407 694 590 754 super
648 683 826 756 testa,
882 674 1071 737 donec
1127 674 1469 756 candescat,
1525 683 1587 736 et
1632 677 1770 736 vino
1816 674 2068 737 Falerno
2115 695 2211 737 ex·

129 782 155 823 ⁵
181 766 403 825 tinctae
444 763 495 823 X
533 763 653 843 XL,
694 772 893 825 cretae
934 763 1165 825 Samiae
1203 782 1382 844 quam
1420 773 1613 826 astera
1652 772 1864 825 vocant
1901 764 1951 825 X
1984 763 2214 845 LXXX,

181 852 348 913 stibii
392 855 551 913 cocti
597 851 649 912 X
685 851 820 934 XX,
876 855 975 931 opi
1014 852 1065 913 X
1102 851 1176 934 V,
1231 855 1489 931 gummis
1535 852 1962 915 Alexandrinae
2001 853 2052 913 X
2088 853 2213 914 XX.

180 941 491 1002 Teruntur
553 941 700 1002 haec
764 943 961 1002 omnia
1024 940 1266 1021 pluviali
1332 959 1482 1022 aqua
1549 952 1866 1023 macerata,
1940 941 2212 1004 ultimum

181 1032 409 1109 gummi
464 1030 738 1091 adicitur.
828 1031 980 1091 Ante
1027 1048 1168 1091 sane
1215 1038 1414 1091 cetera
1461 1029 1531 1090 ad
1580 1031 1877 1092 levitatem
1925 1048 2214 1092 summam

182 1126 460 1180 terantur
513 1127 576 1180 et
630 1137 704 1179 ne
760 1121 950 1198 prima
1006 1118 1273 1181 tunicula
1329 1118 1488 1181 oculi
1543 1137 1717 1181 exesa
1772 1119 1985 1181 aliasve
2050 1119 2213 1181 exul·

108 1225 161 1266 10
190 1216 390 1269 cerata
448 1210 550 1288 sit,
607 1215 676 1268 ut
729 1226 948 1287 purum
1004 1207 1177 1269 ulcus
1233 1210 1330 1290 sit,
1387 1207 1635 1270 diluitur
1690 1210 1786 1270 ovi
1840 1207 1998 1289 albo,
2055 1209 2215 1289 quod

184 1304 278 1357 est
325 1295 452 1356 fere
500 1298 932 1357 tenuissimum.
1022 1295 1343 1376 Collyrium
1389 1299 1773 1377 psittacinum
1819 1316 1851 1358 a
1899 1298 2096 1359 colore
2134 1300 2215 1360 ita
2253 1311 2285 1360 6

186 1386 415 1446 dictum
464 1385 605 1446 facit
651 1385 725 1446 ad
772 1385 1056 1466 epiforas,
1104 1404 1254 1465 quae
1303 1404 1439 1448 cum
1487 1388 1656 1448 tenui
1701 1395 1762 1448 et
1806 1388 1932 1448 acri
1976 1386 2218 1449 lacrima

188 1477 480 1555 existunt,
526 1475 668 1535 item
716 1472 787 1534 ad
835 1476 1103 1535 ustiones
1151 1481 1212 1536 et
1258 1473 1483 1536 solutas
1529 1477 1841 1537 cicatrices
1887 1486 1947 1536 et
1989 1485 2216 1538 vastum

186 1572 502 1644 tumorem,
551 1562 710 1642 quod
746 1564 883 1642 quia
921 1561 1053 1624 loco
1090 1563 1390 1625 interdum
1429 1563 1665 1625 videtur
1709 1562 2043 1643 propellere
2080 1582 2218 1626 ocu·

110 1664 161 1705 15
188 1651 342 1732 lum,
397 1653 709 1731 proptosin
761 1660 998 1733 vocant,
1055 1671 1192 1713 cum
1240 1654 1336 1712 ovi
1381 1651 1514 1712 albo
1563 1652 1721 1731 quod
1769 1659 1863 1712 est
1907 1662 2086 1713 tenue
2132 1655 2219 1713 in·

186 1742 460 1822 ponitur,
515 1739 620 1801 sed
666 1743 986 1820 praecipue
1034 1740 1199 1822 facit,
1258 1758 1396 1802 cum
1443 1743 1613 1819 quasi
1668 1741 1954 1819 sanguine
2011 1741 2221 1802 suffusi

187 1838 332 1890 sunt
378 1828 539 1890 oculi
585 1837 645 1890 et
692 1828 767 1889 ob
811 1829 871 1890 id
920 1829 1148 1891 nullum
1193 1831 1309 1891 nisi
1356 1828 1728 1890 lenissimum
1775 1827 2084 1908 collyrium
2120 1848 2218 1909 pa-

188 1920 454 1999 tiuntur,
506 1919 725 1997 recipit
777 1925 973 1979 autem
1029 1918 1203 1980 haecz
1270 1917 1442 1979 Croci
1481 1917 1530 1978 X
1569 1917 1704 1999 1111,
1759 1916 2021 1979 cadmiae
2068 1919 2221 1980 lotae

189 2005 242 2066 X
280 2005 415 2087 IIII,
460 2006 601 2068 stibi
637 2005 689 2067 X
727 2006 861 2088 1111,
900 2009 1000 2086 opi
1037 2007 1088 2067 X
1125 2007 1204 2090 11,
1242 2010 1499 2086 gummis
1538 2007 1589 2067 X
1626 2006 1706 2089 11,
1745 2005 1927 2068 amuli
1964 2010 2223 2068 recentis

109 2110 162 2150 20
192 2104 252 2157 et
308 2094 639 2156 dulcissimi
686 2094 738 2155 X
774 2095 899 2156 1111.
973 2095 1198 2157 Eodem
1247 2095 1473 2177 ordine,
1522 2114 1641 2176 quo
1688 2097 1909 2176 scripta
1957 2103 2115 2178 sunt,
2160 2099 2222 2157 in

190 2186 478 2246 mortario
544 2183 764 2245 debent
828 2186 943 2246 teri
1005 2202 1079 2245 ex
1125 2203 1275 2264 aqua
1324 2183 1581 2263 pluviali.
1673 2183 1951 2246 Amulum
2008 2195 2222 2265 autem,

188 2291 329 2335 cum
389 2275 507 2333 iam
564 2273 907 2352 fingendum
964 2275 1078 2334 erit
1125 2272 1463 2355 collyrium,
1519 2273 1826 2335 adicietur.
1918 2274 2222 2335 Interdum

188 2370 389 2424 autem
443 2369 503 2422 et
546 2362 661 2422 hoc
710 2365 1301 2441 superinunguantur
1348 2364 1452 2442 qui
1497 2365 1668 2442 prius
1713 2362 2071 2442 Athenippio
2119 2381 2219 2424 cu-

188 2452 304 2512 rati
370 2459 529 2512 sunt.
622 2450 729 2510 His
783 2452 910 2511 fere
968 2449 1227 2530 collyriis
1282 2450 1518 2512 lenibus
1582 2453 1805 2532 omnia,
1870 2470 2021 2531 quae
2088 2469 2223 2512 cum

116 2554 167 2596 2⁶
194 2549 432 2601 tumore
481 2547 542 2601 et
588 2538 791 2599 dolore
839 2540 991 2600 fiunt
1035 2542 1192 2600 cirea
1241 2539 1465 2621 oculos,
1512 2540 1925 2601 remediamus.
2000 2539 2222 2601 Perun-
2265 2552 2296 2601 7

190 2632 422 2690 ctiones
463 2627 773 2689 oculorum
811 2627 1183 2708 lippientium
1232 2631 1355 2690 sive
1394 2627 1798 2710 inunctiones,
1840 2646 1991 2708 quae
2030 2629 2225 2709 appel-

189 2717 393 2778 lantur
458 2716 803 2797 galacticae,
865 2717 1206 2778 huiusmodi
1274 2727 1442 2779 sunt:
1507 2716 2006 2796 Crocomagmatis
2072 2717 2122 2778 X
2183 2717 2226 2798 1,

190 2825 427 2887 myrrae
485 2814 547 2867 et
600 2808 765 2867 croci
812 2805 863 2866 X
908 2805 1037 2887 VII,
1094 2806 1369 2867 aluminis
1424 2807 1551 2866 fissi
1597 2805 1649 2866 X
1685 2805 1785 2888 VI,
1842 2809 1995 2867 turis
2045 2805 2097 2865 X
2136 2805 2226 2887 VI,

189 2897 452 2975 gummis
491 2893 543 2953 X
573 2893 670 2973 Vl,
710 2913 879 2955 rosae
917 2894 1083 2955 floris
1120 2894 1172 2955 X
1200 2895 1292 2955 vl.
1366 2894 1512 2956 Vino
1552 2894 1697 2956 Chio
1737 2913 1857 2955 non
1895 2895 2047 2956 salso
2088 2913 2227 2955 con-

110 2997 161 3038 30
188 3003 400 3065 spersa
449 2990 730 3044 teruntur
775 2983 921 3044 haec
968 2985 1162 3044 omnia
1210 2982 1551 3064 diligenter,
1599 2983 1812 3044 deinde
1860 2984 2125 3044 confecta
2167 2985 2227 3044 in

186 3074 457 3153 collyriis
518 3079 619 3133 aut
674 3071 874 3152 pilulis
933 3082 1323 3153 reponuntur.
1415 3072 1734 3134 Perunctio
1790 3073 2101 3134 oculorum
2156 3072 2226 3134 ad
2268 3087 2300 3135 8

186 3181 431 3223 omnem
481 3160 827 3241 epiphoram
876 3164 1019 3222 satis
1066 3161 1255 3223 utilis:
1317 3160 1489 3222 Croci
1542 3195 1615 3205 -
1668 3161 1721 3241 1,
1767 3180 2005 3224 murrae
2055 3195 2137 3206 —-
2186 3161 2229 3242 1,

186 3251 689 3328 crocomagmatis
733 3282 809 3292 —
850 3249 902 3332 1,
949 3252 1104 3311 aeris
1150 3250 1316 3311 floris
1360 3282 1436 3293 —
1479 3249 1530 3331 l,
1573 3250 1850 3311 aluminis
1896 3252 2022 3311 fissi
2067 3283 2144 3293 —-
2185 3250 2230 3328 1,

40 3310 45 3457 ]
186 3343 346 3402 turis
389 3337 452 3401 Β.
543 3337 635 3398 Ex
680 3340 815 3398 vino
854 3346 1133 3399 teruntur
1176 3339 1324 3400 haec
1363 3341 1600 3419 optime.
1678 3338 1785 3400 His
1823 3338 2074 3400 Cosmus
2110 3356 2230 3398 me-

44 3460 51 3687 ι
335 3555 368 3602 3
409 3544 727 3615 botryidos.
899 3550 930 3599 5
966 3550 1089 3614 post
1126 3549 1317 3600 astera.
1351 3546 1481 3601 add.
1519 3545 1739 3600 samias.
1917 3550 1980 3598 12
2020 3542 2103 3614 et]
2144 3543 2234 3598 sit.

197 3622 263 3672 15
301 3614 683 3689 promptosin.
829 3621 897 3670 23
933 3614 1218 3685 henippio.
1368 3621 1434 3670 27
1471 3615 1768 3686 galaticae.

48 3690 57 3895 '1

52 3898 55 3959 l
