2575 4092
1030 255 1506 319 -179—

245 417 494 497 Rigores
555 419 854 478 cervicum
912 436 1049 478 sevo
1107 417 1331 479 bubulo
1386 420 1607 498 optime
1654 420 2084 501 perfricantur3
2138 437 2275 482 nam
2315 427 2383 480 16

243 509 529 568 continuo
577 504 934 567 mollescunt
980 516 1040 567 et
1091 506 1259 567 dolor
1296 509 1490 568 omnis
1527 506 1810 569 abscedit.
1884 507 2117 570 Herbae
2154 517 2276 571 vet·
2315 517 2381 569 17

241 598 475 657 tonicae
534 597 825 656 contritae
883 613 1065 657 sucus
1120 595 1193 656 ad
1249 595 1546 677 scripulos
1602 596 1752 658 duos
1804 597 2033 659 adiecto
2080 597 2272 659 mulso

236 687 410 765 potui
464 684 639 745 datus
694 684 960 745 dolorem
1015 684 1318 746 cervicum
1365 684 1573 766 leniet,
1629 685 1734 746 sed
1791 685 2155 748 febricitanti
2200 705 2273 748 ex

186 789 213 830 5
239 792 393 853 aqua
441 771 630 833 calida
677 772 807 833 dari
853 781 1106 852 oportet.

420 861 519 922 Sal
572 863 638 921 in
693 879 866 923 sacco
922 861 1242 923 calefactus
1299 862 1717 941 inpositusque
1763 865 1991 924 umeris
2036 880 2274 925 omnem
2312 871 2380 922 18

237 950 505 1012 dolorem
553 951 774 1029 optime
822 951 1094 1032 discutit,
1143 953 1195 1011 si
1241 950 1488 1012 adsidue
1535 959 1965 1033 commutetur,
2021 959 2090 1012 ut
2136 952 2271 1014 cali·

235 1040 372 1101 dior
424 1047 710 1121 ponatur3
764 1039 893 1100 lana
951 1057 1188 1118 quoque
1244 1040 1450 1101 sucida
1510 1058 1584 1101 ex
1630 1039 1762 1101 oleo
1811 1039 2000 1102 calido
2047 1043 2271 1101 umeris

233 1129 506 1207 adposita
544 1127 836 1190 medetur.
907 1128 1167 1207 Spongia
1201 1127 1412 1190 leviter
1448 1146 1755 1212 mucrone,
1802 1148 1919 1208 quo
1956 1128 2134 1191 homo
2173 1147 2268 1192 oc·
2305 1136 2372 1187 19

154 1233 207 1274 10
235 1219 402 1278 cisus
439 1225 551 1298 est,
588 1216 817 1278 adtacta
855 1225 916 1278 et
954 1215 1141 1278 calida
1170 1219 1396 1278 umeris
1423 1218 1689 1297 adposita
1718 1217 2023 1301 medetur3
2072 1226 2271 1280 cetera

235 1324 397 1386 vero,
448 1323 599 1385 quae
638 1314 778 1367 sunt
819 1307 881 1366 in
918 1304 1158 1367 lacertis
1194 1304 1575 1368 brachiorum
1615 1314 1675 1368 et
1713 1306 1932 1369 cubitis
1971 1314 2031 1368 et
2068 1308 2270 1387 digitis

229 1414 298 1457 ac
358 1396 561 1455 nervis
618 1402 678 1455 et
731 1394 1027 1474 articulis,
1082 1397 1350 1456 causaria
1403 1397 1605 1475 acopis
1663 1404 1723 1457 et
1768 1396 2162 1458 calefactoriis
2208 1405 2270 1458 et

227 1483 517 1545 remediis
556 1483 808 1544 diversis
846 1492 1151 1565 curantur,
1190 1501 1341 1563 quae
1379 1485 1559 1544 variis
1596 1483 1744 1545 locis
1783 1492 1923 1546 sunt
1951 1485 2266 1564 adscripta.

411 1571 501 1632 Ad
547 1571 750 1633 hircos
796 1581 854 1633 et
902 1572 1022 1632 alas
1068 1572 1323 1633 fetentes
1370 1572 1700 1633 remedium
1756 1574 1869 1634 sic:
1933 1571 2101 1634 Hirci
2147 1591 2265 1633 ma·
2303 1578 2373 1629 20

148 1676 200 1718 15
227 1663 486 1724 turioris
532 1679 720 1721 cornu
759 1678 959 1721 rasum
997 1659 1091 1721 vel
1127 1667 1405 1722 exustum
1442 1679 1580 1721 cum
1618 1660 1751 1722 felle
1788 1660 1943 1722 hirci
1979 1663 2266 1722 miscetur

227 1760 290 1812 et
320 1750 589 1830 pondere
617 1767 807 1829 aequo
837 1767 1032 1828 myrra
1062 1749 1319 1810 adicitur
1347 1759 1525 1828 atque
1564 1749 1701 1810 inde
1732 1749 1980 1811 ascellae
2010 1749 2265 1829 demptis

225 1842 403 1920 prius
449 1837 586 1918 pilis
633 1837 878 1899 adsidue
925 1837 1345 1917 perfricantur.
1437 1836 1689 1898 Alumen
1745 1840 1999 1900 scissum
2047 1841 2266 1900 storaci
2302 1844 2368 1893 21

224 1930 514 2008 mixtum,
570 1929 621 1987 si
674 1929 736 1987 in
795 1944 980 1988 unum
1036 1935 1309 1988 conteras
1366 1937 1543 2006 atque
1595 1926 1715 1987 alas
1764 1926 1973 1988 fetidas
2019 1926 2264 1988 adsidue

221 2017 522 2097 perfrices
533 2063 551 2095 ,
607 2014 830 2076 bonum
881 2014 996 2075 illis
1042 2014 1292 2077 halitum
1340 2014 1581 2076 excluso
1628 2022 1818 2076 taetro
1866 2014 2048 2076 odore
2093 2032 2261 2094 prae-

140 2121 192 2162 20
222 2104 438 2167 stabiS.
519 2104 667 2165 Caro
714 2102 962 2165 vitulina
1007 2121 1218 2165 recens
1274 2122 1413 2165 cum
1469 2112 1636 2165 aceto
1693 2113 1860 2166 cocta
1910 2103 2262 2182 madidaque
2301 2108 2368 2158 22

221 2194 341 2255 alis
387 2195 644 2272 inposita
688 2193 940 2253 fetorem
976 2192 1132 2253 hirci
1168 2195 1578 2255 taeterrimum
1618 2193 1785 2255 tollit.
1869 2191 2065 2272 Myrra
2104 2195 2262 2255 sicca
2298 2198 2367 2248 23

215 2292 407 2344 tunsa
447 2281 691 2343 adsidue
729 2280 851 2341 alas
889 2281 1170 2363 confrica,
1216 2283 1426 2343 vitium
1464 2282 1673 2343 fetoris
1711 2285 1860 2343 mire
1898 2281 2258 2344 emendabis,

213 2371 623 2449 Laserpitium
679 2372 1148 2432 vetustissimum
1203 2371 1414 2453 tunde,
1469 2370 1668 2432 cribra
1722 2378 1898 2450 atque
1944 2371 2083 2432 inde
2130 2370 2251 2433 alas
2294 2375 2364 2425 24

213 2460 499 2541 perfrica,
545 2458 821 2520 similiter
863 2459 1147 2538 proderit.
1221 2458 1391 2520 Nitro
1440 2478 1510 2521 ex
1556 2477 1709 2540 aqua
1755 2459 1941 2520 diluto
1988 2459 2081 2520 vel
2126 2459 2249 2521 alu·
2289 2463 2356 2514 25

133 2564 185 2607 25
215 2552 385 2610 mine
422 2551 557 2609 vino
595 2550 847 2608 remisso
884 2556 1055 2610 utere
1096 2565 1273 2627 quam
1311 2549 1676 2627 saepissime·
1695 2548 1768 2608 ad
1807 2547 2030 2609 alarum
2065 2547 2250 2609 seten-

218 2641 381 2700 tium
427 2637 917 2698 emendationem.
1569 2635 1575 2638 ⁴

402 2725 489 2787 Ad
536 2725 954 2805 paronychiam
995 2732 1055 2786 et
1093 2728 1555 2804 suppurationes
1591 2725 2051 2804 unguiculorum
2088 2726 2246 2805 glan·
2290 2731 2362 2783 26

214 2816 360 2877 dem
398 2817 598 2875 tritam
636 2832 771 2876 cum
812 2832 1033 2893 sapone
1061 2814 1309 2895 adpone,
1345 2813 1602 2876 ibiscum
1630 2832 1869 2894 quoque
1899 2833 2038 2876 cum
2066 2833 2245 2876 axun-

213 2908 317 2984 gia
355 2911 416 2964 et
451 2922 603 2983 pane
641 2905 785 2964 trito
822 2904 1057 2984 inpone.
1103 2902 1183 2964 Ut
1220 2905 1457 2964 excussi
1494 2921 1725 2983 ungues
1764 2905 1882 2965 cito
1912 2911 2246 2983 resurgant,
2285 2909 2355 2959 2⁷

129 3010 184 3050 30
213 2992 696 3073 quinquefolium
744 3010 880 3054 cum
927 2991 1098 3071 adipe
1147 2990 1409 3070 qualibet
1455 2995 1662 3054 tritum
1709 2994 2044 3074 inponitur,
2096 2992 2248 3054 olea-

213 3083 334 3143 stri
361 3100 600 3161 quoque
628 3079 764 3141 folia
794 3080 1278 3142 commanducata
1305 3081 1650 3142 recentibus
1674 3083 1967 3161 unguium
1987 3081 2243 3144 vulneri-

211 3171 334 3232 bus
388 3179 554 3231 recte
608 3172 997 3249 inponuntur.
1088 3168 1489 3249 Paronychiae
1545 3178 1777 3232 stercus
1834 3189 1905 3232 ex
1961 3171 2246 3234 auriculis
2283 3175 2355 3225 28

210 3262 437 3339 inpone
486 3267 546 3320 et
591 3257 898 3320 linteolum
945 3257 1326 3340 superalliga,
1377 3257 1670 3320 mirabere
1717 3260 2061 3322 remedium.
2154 3257 2244 3320 Ad
2282 3264 2352 3315 29

215 3348 381 3409 idem
439 3364 610 3409 uvam
664 3364 899 3426 passam
954 3346 1321 3411 enucleatam
1376 3366 1512 3408 cum
1569 3355 1701 3409 ture
1752 3351 1894 3410 trito
1943 3346 2247 3410 subactam

401 3559 467 3608 17
516 3552 723 3623 styraci
770 3553 1104 3619 Gornarius;
1148 3569 1244 3625 eqo
1297 3555 1559 3622 formam,
1611 3570 1776 3622 quam
1820 3553 2070 3609 omnibus
2116 3553 2247 3610 locis

215 3626 389 3682 codex
426 3625 656 3694 exhibet,
689 3626 921 3681 restitui.

1816 3710 1924 3764 12*
