2575 4092
1145 250 1578 316 -50-

347 415 406 473 in
463 414 666 474 initiis
741 413 1007 494 Namque
1063 414 1310 493 prodest
1363 414 1477 475 hoc
1533 432 1779 495 genere,
1837 414 1994 494 quod
2051 434 2124 477 ex
2169 416 2375 477 eadem

344 505 590 563 materia
638 509 887 584 constat,
935 521 1084 582 quae
1133 503 1355 564 nullam
1402 503 1831 582 aspritudinem
1872 502 2068 585 habet,
2116 505 2376 584 quando-

347 591 584 670 quidem
624 593 983 671 conponitur
1020 611 1089 653 ex
1131 594 1295 653 croci
1337 591 1388 652 X
1426 590 1490 672 V,
1540 591 1894 653 sarcocollae
1934 591 1985 652 X
2022 592 2100 673 X,
2148 593 2377 672 glaucei

347 682 474 741 suci
524 679 573 740 X
613 679 747 761 XX,
803 681 1174 759 tragacanthi
1219 680 1269 741 X
1309 680 1355 738 V
1402 688 1462 741 et
1508 683 1607 759 opi
1646 680 1696 740 X
1733 680 1796 742 V.
1888 680 2014 742 Hoc
2062 684 2218 743 enim
2265 701 2374 761 ego

344 769 535 830 adicio
592 777 653 830 et
707 772 788 830 ita
833 769 1048 830 melius
1094 770 1432 849 respondet.
1526 770 1640 830 Sed
1690 772 1891 848 opium
1939 778 2000 831 et
2044 772 2105 831 in
2154 772 2268 832 hoc
2314 780 2376 832 et
2403 788 2429 830 5

343 860 405 919 in
445 860 607 919 omni
643 858 885 938 collyrio
925 858 1476 938 medicamentoque
1507 878 1713 919 verum
1743 859 1895 920 adici
1925 867 2179 942 oportet,
2217 860 2373 940 quod

345 966 414 1007 ex
464 947 613 1008 lacte
661 950 791 1027 ipso
837 951 1146 1027 papaveris
1193 947 1445 1010 silvatici
1492 950 1752 1027 capitum
1800 949 1892 1030 fit,
1940 967 2058 1010 non
2106 968 2176 1010 ex
2230 967 2374 1010 suco
2437 952 2443 960 '

344 1035 621 1097 foliorum
669 1038 826 1117 eiuS,
874 1044 942 1097 ut
978 1039 1285 1099 institores
1331 1037 1583 1097 huiusce
1636 1039 1723 1098 rei
1771 1038 2088 1116 conpendii
2125 1046 2188 1099 et
2223 1039 2377 1099 lucri

345 1143 522 1186 causa
578 1126 828 1206 faciunt3
885 1124 1032 1186 illud
1087 1128 1245 1187 enim
1300 1144 1435 1186 cum
1484 1143 1695 1204 magno
1742 1124 1943 1187 labore
1991 1134 2052 1188 et
2096 1129 2375 1206 exiguum

345 1214 677 1294 conficitur,
729 1213 842 1275 hoc
889 1216 1018 1275 sine
1064 1215 1336 1276 molestia
1384 1222 1443 1276 et
1489 1214 1876 1276 abundanter.
1952 1215 2193 1277 Teritur
2238 1223 2373 1277 ante
2404 1232 2457 1272 ιο

345 1305 540 1363 omnia
590 1321 859 1384 crocum,
907 1322 1058 1383 aqua
1104 1303 1346 1383 pluviali
1392 1304 1656 1364 infusum
1702 1306 1991 1365 macerari
2038 1303 2232 1387 debet,
2278 1305 2377 1365 de·

344 1392 483 1452 inde
531 1392 822 1453 adiciatur
867 1392 987 1453 illio
1036 1392 1383 1473 sarcocolla,
1430 1393 1756 1475 glaucium,
1803 1395 2024 1475 opium,
2076 1403 2375 1473 tragacan-

344 1480 530 1542 thum.
623 1480 800 1542 Prius
848 1485 1006 1543 enim
1063 1484 1260 1543 omnia
1317 1500 1586 1543 seorsum
1634 1485 1922 1543 macerari
1969 1489 2207 1562 oportet
2255 1501 2376 1543 non

344 1570 527 1632 multa
576 1572 704 1631 eius
753 1573 990 1649 generis
1038 1589 1204 1652 aqua,
1252 1571 1313 1632 id
1353 1579 1445 1631 est
1481 1570 1741 1653 pluviali,
1781 1581 1847 1632 ut
1883 1589 2062 1650 quam
2099 1574 2375 1653 primum,

341 1658 401 1720 id
451 1667 542 1721 est
589 1661 638 1720 si
686 1659 816 1720 fieri
863 1662 1087 1739 poterit
1132 1660 1343 1721 eodem
1381 1660 1505 1741 die,
1562 1660 1863 1738 fingantur
1901 1660 2168 1741 collyria3
2225 1660 2376 1721 solet
2405 1677 2458 1718 15

342 1750 501 1809 enim
530 1749 644 1810 hoc
674 1748 775 1809 diu
815 1750 1152 1827 neglectum
1193 1751 1477 1811 mortario
1516 1751 1873 1810 inacescere.
1947 1748 2056 1810 His
2084 1749 2208 1810 fere
2239 1758 2377 1810 utor

340 1839 552 1916 primis
600 1836 811 1899 diebus
854 1838 1134 1920 collyriis,
1181 1857 1301 1899 non
1339 1840 1467 1898 sine
1507 1840 1725 1899 ceteris
1772 1838 2025 1919 auxiliis,
2061 1846 2241 1917 prout
2278 1858 2378 1899 res

340 1927 629 2009 postulat,
685 1926 1041 1988 abstinentia
1097 1926 1230 1987 dico
1290 1935 1351 1987 et
1407 1929 1712 2006 sanguinis
1760 1928 2154 2008 detractione,
2210 1927 2376 1988 meli-

343 2034 535 2094 usque
592 2034 660 2075 ea
718 2018 934 2077 ceteris
989 2016 1280 2095 proficere
1339 2016 1602 2076 adfirmo.
1695 2015 1843 2077 Cum
1899 2035 2040 2077 vero
2103 2016 2376 2096 pluribus

344 2105 478 2183 quis
508 2102 719 2165 diebus
747 2111 994 2164 vexatus
1033 2105 1215 2164 fuerit
1251 2104 1538 2183 epiphora
1576 2113 1637 2165 et
1672 2107 2113 2185 perseverantia
2152 2107 2377 2166 umoris
2405 2122 2461 2161 20

344 2200 520 2271 atque
566 2193 782 2270 pituita
830 2194 960 2272 ipso
1007 2192 1202 2254 calore
1251 2194 1560 2254 oculorum
1608 2194 1962 2273 glutinosior
2008 2196 2130 2255 visa
2176 2194 2376 2275 fuerit,

343 2280 501 2359 quod
550 2282 674 2341 fere
723 2290 891 2341 sexto
939 2283 1266 2360 septimove
1315 2282 1410 2342 die
1459 2283 1729 2343 accidere
1777 2283 1956 2364 solet,
2008 2292 2153 2344 tunc
2199 2284 2375 2363 prod·

343 2376 521 2429 erunt
564 2378 623 2431 et
660 2388 728 2430 ea
767 2369 1028 2452 collyria,
1076 2389 1331 2450 quorum
1370 2389 1559 2450 genus
1599 2374 1876 2452 superius
1913 2371 2377 2453 inprobavimuS,

344 2460 650 2537 conposita
697 2478 767 2519 ex
815 2459 996 2520 rebus
1041 2459 1380 2541 metallicis3
1426 2460 1659 2521 facilius
1706 2463 1866 2522 enim
1908 2468 2035 2521 tum
2073 2463 2378 2540 patientur

344 2547 527 2628 oculi,
576 2550 628 2608 si
673 2547 847 2608 modo
895 2549 1221 2609 exulcerati
1266 2568 1385 2609 non
1435 2549 1685 2630 fuerint,
1732 2551 2029 2611 iniuriam.
2108 2549 2377 2620 Quorum
2406 2566 2466 2608 25

342 2638 662 2716 praecipue
707 2635 820 2698 hoc
869 2637 1016 2698 mihi
1060 2636 1280 2718 placet,
1329 2638 1487 2718 quod
1536 2657 1568 2698 a
1615 2638 1813 2699 colore
1860 2639 2088 2718 phaeon
2138 2639 2378 2702 dicitur.

343 2724 574 2804 Accipit
610 2733 808 2787 autem
847 2725 1020 2787 haec:
1059 2726 1229 2786 Aeris
1258 2729 1382 2787 usti
1410 2725 1461 2786 X
1491 2725 1624 2809 XII,
1672 2727 1935 2788 cadmiae
1966 2735 2132 2788 ustae
2172 2727 2224 2788 X
2252 2727 2380 2809 XII,

342 2814 506 2875 stibii
563 2817 718 2876 cocti
764 2813 816 2874 X
854 2814 956 2896 VI,
1014 2816 1244 2876 acaciae
1301 2816 1664 2897 chylismatis
1715 2814 1766 2875 X
1804 2815 1904 2898 VI,
1961 2819 2124 2878 croci
2161 2816 2213 2877 X
2249 2816 2381 2897 IIII,

342 2903 500 2964 aloes
548 2902 600 2963 X
636 2903 745 2985 111,
802 2906 901 2983 opi
938 2903 989 2964 X
1027 2902 1108 2985 11,
1165 2907 1421 2966 castorei
1468 2907 1761 2966 victoriati
1808 2905 2071 2987 pondus,
2117 2924 2380 2986 murrae,

340 2992 477 3072 lycii
523 2992 678 3053 idem
726 2992 1026 3074 ponderiS,
1071 2996 1327 3072 gummis
1365 2993 1417 3054 X
1453 2993 1652 3055 XVIII.
1728 2993 1892 3073 Aqua
1941 2993 2182 3072 pluviali
2219 3013 2377 3074 quae
2407 3010 2469 3052 ao

343 3089 483 3141 sunt
547 3081 695 3142 dura
759 3089 1137 3143 macerantur
1200 3091 1258 3143 et
1320 3082 1422 3143 diu
1479 3090 1783 3162 teruntur,
1831 3082 2019 3143 donec
2076 3083 2377 3145 levissima

341 3170 502 3250 fiant,
540 3178 743 3248 postea
784 3178 981 3231 cetera
1021 3170 1134 3232 alio
1171 3174 1457 3232 mortario
1497 3171 1728 3250 singula
1765 3174 1903 3232 trita
1943 3171 2383 3255 admiscentur3

341 3277 479 3319 cum
545 3258 869 3319 tollendum
937 3268 1054 3341 est,
1119 3260 1180 3320 id
1247 3269 1340 3321 est
1400 3279 1536 3321 cum
1594 3268 1733 3321 sunt
1788 3261 2060 3339 fingenda
2116 3260 2382 3342 collyria,

343 3366 622 3427 gummen
677 3347 950 3410 adicitur.
1041 3347 1168 3410 Hoc
1227 3348 1465 3429 quidam
1524 3352 1697 3417 etiam
1757 3351 1816 3410 in
1874 3352 2062 3411 initiis
2118 3358 2383 3413 utuntur

484 3490 515 3538 2
554 3486 819 3538 materea.
930 3484 1368 3554 aspretudinem.
1478 3492 1512 3539 4
1550 3450 1928 3540 dracacanthi.
2055 3492 2122 3541 21
2164 3486 2386 3556 pituita.

341 3557 719 3681 ἓῗαξθτξιῃάἐέ.
884 3554 1264 3625 gluttinosior.
1429 3562 1496 3611 27
1536 3555 1794 3626 accipiat.
1942 3563 2010 3611 28
2048 3557 2384 3627 cylismatis.
