2575 4092
1101 223 1537 288 „24-

306 388 572 469 quidam,
620 406 757 449 cum
805 387 1117 448 oculorum
1161 386 1597 448 lacrimantium
1644 393 1913 446 reumate
1962 403 2168 447 carere
2216 404 2331 447 non

303 485 536 557 posset,
592 477 924 556 productus
980 483 1071 537 est
1133 477 1196 536 in
1257 475 1518 536 medium
1588 482 1946 536 conventum
2011 475 2331 536 multorum

304 568 702 645 spectantium
740 566 1124 627 medicorum.
1193 563 1311 634 Qui
1347 583 1484 625 cum
1522 565 1827 643 inspectus
1866 563 1939 624 ab
1975 563 2070 624 his
2108 564 2334 645 fuisset,

306 655 587 716 dixerunt
644 656 700 714 ei
743 653 1057 735 palpebras
1101 653 1286 713 incidi
1342 652 1585 733 debere,
1642 652 1913 714 comburi
1967 655 2146 714 etiam
2195 655 2332 713 emi·

305 745 574 805 cranium
623 751 682 804 et
728 762 862 804 raso
910 744 1102 822 capite
1149 760 1329 803 venas
1376 744 1583 822 secari,
1630 741 1790 821 quod
1833 741 2045 802 Graeci
2089 743 2329 802 arterio-
2359 757 2388 799 5

302 834 529 893 tomein
567 832 801 914 dicunt,
837 833 1047 911 inponi
1084 833 1258 892 etiam
1300 830 1605 911 escharaS‚
1643 838 1703 892 et
1740 849 1877 892 cum
1914 832 2032 891 iam
2060 829 2333 891 omnibus

305 921 452 983 locis
508 920 880 983 debilitatum
937 928 998 982 et
1055 921 1448 981 cauteriatum
1510 927 1690 1000 caput
1752 918 2001 980 haberet
2069 918 2331 999 nihilque

306 1012 362 1070 ei
408 1019 722 1092 tormenta,
764 1027 915 1090 quae
954 1009 1251 1071 desiderio
1290 1011 1558 1070 sanitatis
1595 1011 1890 1088 patienter
1927 1008 2161 1089 tulerat,
2198 1025 2333 1087 pro-

306 1099 577 1178 fuissent,
624 1098 879 1160 dessebat
925 1097 1202 1159 omnibus
1247 1097 1657 1159 infelicitatem
1705 1116 1889 1159 suam.
1954 1096 2022 1158 In
2059 1097 2331 1158 ultimum

305 1188 452 1248 haec
491 1187 562 1249 ab
603 1189 858 1266 egregiis
896 1187 1145 1248 medicis
1174 1189 1413 1247 inventa
1441 1189 1672 1248 curatio
1702 1194 1810 1268 est,
1849 1194 1915 1247 ut
1953 1205 2092 1248 cum
2128 1186 2335 1247 dexter
2363 1201 2415 1242 10

306 1276 515 1338 oculus
570 1276 872 1337 lacrimam
925 1276 1229 1358 funderet,
1282 1294 1429 1336 vena
1487 1278 1543 1336 ei
1599 1275 1793 1337 dextri
1839 1275 2068 1337 brachii
2113 1275 2333 1336 laxare·

307 1373 433 1426 tur:
472 1384 608 1426 cum
648 1367 908 1447 sinister,
947 1365 1221 1426 similiter
1258 1367 1322 1425 in
1352 1367 1596 1426 sinistro
1626 1364 1871 1426 brachio
1902 1365 2088 1426 fieret.
2163 1363 2335 1435 Quod

307 1472 444 1514 cum
491 1456 615 1534 pati
661 1456 957 1534 coepisset
1003 1454 1296 1534 infirmuS‚
1342 1453 1494 1515 flens
1537 1461 1598 1514 et
1632 1471 1877 1532 gemens
1914 1453 2060 1515 illud
2098 1453 2337 1514 Catonis

307 1561 484 1623 saepe
532 1542 809 1605 dicebatt.
866 1543 1146 1624 Corporis
1192 1542 1479 1604 auxilium
1524 1542 1756 1603 medico
1808 1543 2111 1604 committe
2157 1541 2336 1602 fideli.

235 1641 268 1690 9
306 1630 432 1711 Ego
490 1639 687 1693 autem
735 1633 895 1695 dico:
951 1640 1012 1694 et
1055 1634 1266 1711 perito.
1341 1631 1557 1692 Restiti
1603 1633 1787 1710 igitur
1832 1631 1925 1692 his
1970 1649 2081 1692 nec
2129 1648 2336 1691 venam
2368 1646 2419 1686 15

307 1720 491 1782 laxari
536 1724 783 1800 permisi
830 1740 1161 1801 magnoque
1210 1720 1447 1781 silentio
1494 1721 1648 1781 facto
1687 1728 1962 1781 auctores
1999 1728 2236 1781 nostros
2275 1721 2338 1780 in

305 1810 570 1871 medium
616 1810 841 1890 protuli
888 1830 956 1872 ac
1002 1812 1250 1872 recitavi
1296 1809 1537 1888 dixique
1585 1809 1659 1870 ad
1708 1828 1837 1870 eos:
1912 1808 1976 1870 Si
2023 1827 2094 1870 ex
2142 1807 2339 1869 multi·

310 1898 457 1959 fario
506 1907 940 1961 tormentorum
996 1917 1214 1979 genere
1270 1898 1647 1959 miserandus
1694 1900 1809 1959 iste
1854 1897 1945 1958 vel
1991 1916 2169 1959 unam
2216 1916 2336 1958 me·

306 1987 519 2047 dellam
568 1987 780 2049 fuisset
818 1988 1087 2068 adethS‚
1135 1989 1349 2048 merito
1398 2005 1501 2048 vos
1539 1994 1872 2069 pateretur3
1918 1986 2023 2047 sed
2063 2005 2200 2048 cum
2236 2004 2339 2047 ne-

309 2093 425 2155 que
472 2078 742 2137 inunctio
790 2094 985 2155 neque
1032 2079 1244 2138 incisio
1297 2094 1490 2156 neque
1538 2075 1853 2137 conbustio
1890 2076 2340 2137 inundationem
2369 2091 2425 2132 so

307 2164 684 2224 lacrimarum
740 2167 1069 2244 reprimere
1122 2166 1413 2247 potuerit,
1470 2183 1579 2225 cur
1633 2165 1871 2226 indocte
1928 2183 2106 2225 venas
2154 2167 2210 2225 ei
2259 2164 2339 2225 la-

307 2255 436 2314 xari
481 2255 888 2333 praecepistiS,
937 2273 1074 2315 cum
1115 2254 1214 2314 hic
1260 2256 1375 2313 iam
1423 2255 1786 2315 semianimis
1825 2254 2114 2314 visionem
2150 2256 2342 2334 ipsam

308 2341 456 2402 ferri
496 2340 957 2420 perhorrescat?
1029 2342 1197 2404 Unde
1243 2342 1476 2403 reddite
1522 2342 1694 2418 mihi,
1740 2344 2164 2422 sapientissimi
2209 2345 2342 2425 viri,

306 2429 632 2492 hodiernae
680 2449 889 2493 causas
936 2433 1280 2514 curationiS‚
1328 2450 1438 2493 cur
1485 2431 1666 2493 fuerit
1709 2431 1969 2512 desuper
2005 2432 2212 2493 oculus
2251 2434 2341 2492 in-

309 2521 499 2600 cisuS,
564 2539 673 2581 cur
736 2538 939 2581 rasum
1002 2528 1207 2601 caput,
1272 2539 1383 2581 cur
1436 2520 1702 2582 meacula
1762 2528 1970 2582 exusta
2035 2538 2340 2582 venarum.
2370 2535 2428 2577 25

308 2606 537 2669 Meatus
593 2611 750 2669 enim
807 2611 1085 2689 inrigatio
1142 2612 1192 2670 si
1247 2611 1480 2670 venerit
1535 2609 1608 2669 ad
1665 2628 1734 2671 ea
1789 2609 1944 2690 loca,
2000 2610 2063 2670 in
2120 2609 2342 2688 quibus

308 2695 566 2758 habebat
612 2698 1055 2776 receptaculum
1096 2698 1465 2760 collectionis
1505 2716 1664 2780 suae,
1704 2716 1822 2778 quo
1859 2688 2341 2778 impetuexinde

310 2785 708 2848 descendebat
746 2786 1051 2868 deorsum,
1105 2805 1425 2848 recurrens
1472 2805 1684 2848 rursus
1724 2787 1796 2849 ad
1835 2786 2056 2847 fontem
2105 2786 2345 2848 cerebri

308 2873 512 2954 ibique
560 2882 1009 2957 coangustatuS,
1057 2895 1194 2938 cum
1242 2876 1472 2936 fervere
1514 2878 1807 2957 coeperit,
1857 2876 2184 2937 verendum
2231 2883 2342 2958 est,

309 2981 385 3023 ne
432 2964 742 3042 perforans
790 2972 987 3026 cutem
1036 2984 1104 3026 ac
1145 2964 1515 3045 pertundens
1562 2973 1786 3026 cratem
1834 2966 2044 3045 capitis
2091 2973 2342 3044 generet
2370 2979 2428 3021 so

451 3175 486 3222 4
523 3170 908 3240 emigranium.
1011 3178 1043 3226 5
1082 3171 1506 3228 arteriotomein
1539 3170 1880 3241 Stephanus.-
1916 3170 2339 3227 arteriotomon.

311 3248 343 3297 6
382 3257 551 3296 escas.
673 3242 954 3314 omnibus]
995 3244 1262 3299 aeonibus
1402 3249 1434 3299 7
1472 3242 1808 3298 cauteritum
1847 3249 1880 3298 1
1889 3261 1959 3298 m.
2071 3247 2136 3296 11
2175 3242 2342 3298 lacri-

309 3329 479 3368 mum.
629 3319 695 3367 14
733 3312 1008 3369 auxilium
1042 3314 1384 3385 Stephanus:
1422 3314 1639 3385 exigua.
1781 3320 1847 3369 18
1884 3314 2186 3369 medellam
2226 3321 2343 3383 lm,

307 3401 459 3439 mom·
495 3385 728 3440 alterum
765 3385 787 3438 1
822 3401 1053 3441 erasum.
1229 3393 1295 3441 19
1333 3402 1513 3456 neque
1550 3384 1879 3443 inunctione
1917 3403 1980 3455 q3
2019 3386 2217 3456 (delet.)
2255 3385 2340 3439 in-

307 3454 585 3524 cision5q3
643 3456 954 3511 conbustio.
1135 3461 1203 3512 22
1260 3456 1532 3512 visionem
1585 3462 1684 3512 1m
1737 3456 2067 3512 incisionem
2122 3462 2227 3512 2m
2276 3458 2344 3511 in

306 3543 525 3581 rasura.
788 3532 856 3581 23
913 3528 1356 3597 perhorrescant.
1619 3532 1686 3583 28
1740 3545 1960 3584 rursum
2019 3528 2343 3584 Gornarius.

309 3602 377 3652 29
417 3600 869 3668 conangustatus.
1033 3605 1102 3654 30
1140 3615 1362 3670 genere.
