2575 4092
248 621 334 684 De
388 625 756 686 mensuris
812 632 880 686 et
934 622 1385 704 ponderibus
1437 622 2003 686 medicinalibus
2058 644 2138 686 ex

424 713 700 775 Graeco
746 712 1127 775 translatis
1175 714 1376 774 iuxta
1422 711 1953 793 Hippocratem.

350 836 539 899 Uncia
587 836 769 899 habet
813 837 1127 899 drachmas
1172 855 1422 899 numero
1462 836 1617 918 VIII,
1664 836 1923 918 scrtpula
1974 836 2210 901 xxnn.

184 923 327 987 Mina
365 925 549 989 habet
589 926 799 988 libram
829 925 855 988 1
891 928 1099 989 uncias
1127 924 1197 988 11.
1258 925 1480 988 Cheme
1516 925 1696 988 habet
1734 928 1893 989 sicut
1928 926 2210 989 drachma

184 1006 256 1099 ,9-
284 1015 379 1075 ΙΙΙ.
428 1015 657 1078 Obolos
685 1014 864 1077 habet
895 1015 1177 1077 denarius
1205 1014 1298 1076 VI.
1353 1014 1558 1097 Cotyla
1588 1013 1881 1095 [hemina]
1913 1016 2054 1077 facit
2081 1034 2210 1078 ace·

183 1103 369 1164 tabula
417 1106 546 1166 sive
598 1104 906 1185 oxybapha
955 1103 1081 1166 1111.
1164 1102 1445 1185 Olyscion
1483 1105 1625 1166 facit
1669 1104 1941 1167 heminae
1979 1114 2210 1185 partem

136 1204 159 1245 ⁵
182 1195 502 1276 septimam,
551 1193 714 1274 quod
760 1194 900 1256 facit
937 1227 1024 1238 —
1062 1191 1088 1254 1
1136 1203 1197 1255 et
1234 1193 1547 1255 drachmas
1586 1192 1657 1256 11.
1741 1192 1985 1276 Cotylus
2033 1193 2213 1256 habet

188 1312 256 1324 ·—
287 1280 411 1364 lm,
450 1283 618 1363 quod
656 1282 796 1343 facit
833 1281 1077 1363 cyathos
1104 1281 1158 1343 11
1195 1291 1258 1344 et
1294 1282 1583 1345 coclearia
1619 1281 1711 1346 vl.
1791 1281 1941 1345 Item
1979 1283 2211 1364 cotylus

182 1372 565 1434 triunciarius
604 1371 783 1433 habet
818 1370 1090 1433 heminae
1127 1373 1365 1434 tertiam
1401 1379 1648 1453 partem.
1714 1370 2077 1434 Tetrobolon
2118 1380 2213 1433 est

183 1468 378 1538 quarta
427 1479 575 1542 pars
621 1460 910 1522 heminae.
995 1459 1257 1522 Choenix
1314 1463 1559 1523 sextarii
1603 1461 1724 1523 duo
1771 1469 1927 1524 sunt.
2012 1459 2211 1523 Stater

182 1550 453 1629 estquod
483 1551 736 1612 metitur
773 1548 1084 1623 drachmas
1111 1547 1236 1630 1111,
1274 1557 1369 1611 est
1404 1558 1601 1612 autem
1641 1558 1859 1630 quanta
1888 1552 2210 1613 semuncia.

118 1647 159 1687 1⁰
181 1634 461 1700 Denarius
490 1648 592 1701 est
619 1646 936 1719 argenteus
963 1637 1243 1700 drachma
1280 1637 1326 1721 1,
1363 1638 1519 1718 quod
1559 1638 1700 1700 facit
1847 1637 1947 1699 111.
2015 1636 2209 1700 Victo·

181 1728 357 1789 riatus
395 1729 685 1790 denarius
723 1727 965 1788 dimidia
1009 1745 1150 1808 pars
1197 1726 1514 1788 drachmae
1561 1734 1670 1787 est.
1799 1724 1972 1787 bolus
2014 1729 2212 1788 minor

181 1813 487 1879 drachmae
533 1823 700 1878 sexta
736 1834 875 1896 pars
912 1825 1020 1877 est.
1088 1814 1349 1896 Cyathus
1386 1832 1525 1894 pars
1563 1823 1768 1877 octava
1806 1817 2067 1896 sextarii,
2104 1815 2210 1877 sed

182 1904 248 1965 ad
291 1908 533 1986 pondus
580 1904 998 1967 drachmarum
1052 1922 1192 1985 pars
1244 1904 1474 1966 decima
1520 1911 1629 1965 est.
1712 1902 2080 1965 Coclearium
2125 1903 2210 1964 di·

181 1994 351 2056 midia
396 2013 545 2076 pars
593 1994 908 2056 drachmae
956 2001 1065 2055 est.
1138 1992 1545 2055 Tetrassarius
1593 1994 1899 2054 semuncia
1946 2000 2053 2055 est.

180 2133 349 2198 Item
387 2139 472 2199 de
515 2135 962 2216 ponderibus
1010 2144 1080 2197 et
1116 2137 1481 2197 mensuris
1523 2135 2210 2198 medicamentorum

281 2245 362 2288 ex
406 2226 603 2287 libro
651 2224 807 2286 XXI
850 2224 1076 2286 Plinii
1122 2223 1598 2286 historiarum
1644 2224 2102 2288 naturalium.

115 2375 159 2416 15
350 2349 647 2413 Drachma
675 2350 869 2411 Attica
906 2349 1136 2411 denarii
1173 2357 1267 2410 est
1303 2351 1570 2428 argentei
1606 2349 1858 2429 pondus.
1918 2348 2211 2410 Drachma

183 2439 380 2501 eadem
416 2439 603 2502 habet
629 2441 693 2500 in
721 2438 986 2519 pondere
1014 2437 1221 2499 obolos
1250 2436 1343 2500 vl.
1407 2437 1633 2499 Obolus
1666 2437 1846 2499 habet
1873 2436 2112 2499 chalcos
2138 2437 2210 2499 X.

184 2525 437 2607 Cyathus
499 2529 723 2609 pendet
780 2526 1092 2588 drachmas
1147 2525 1218 2588 X.
1311 2525 1700 2588 Acetabulum
1765 2527 1923 2606 quod
1986 2526 2210 2588 dicitur

183 2615 354 2680 habet
395 2620 675 2680 heminae
721 2624 995 2696 quartam
1040 2623 1290 2695 partem.
1379 2613 1629 2677 Hemina
1675 2614 1856 2701 habet
1899 2614 2211 2677 drachmas

185 2723 427 2770 numero
455 2706 576 2768 LX.
634 2705 789 2787 Mna,
819 2722 997 2785 quam
1024 2707 1218 2766 nostri
1245 2706 1467 2766 minam
1497 2711 1725 2785 vocant,
1752 2704 1973 2783 pendet
2001 2703 2209 2765 drach·

115 2800 162 2840 ²⁰
185 2811 306 2857 mas
351 2798 578 2860 Atticas
626 2802 887 2857 centum.

355 2886 667 2947 Mensuras
715 2901 955 2965 quoque
1001 2884 1161 2963 ipsas
1209 2881 1573 2944 Graecorum
1627 2882 1701 2943 de
1757 2880 2211 2944 medicinalibus

186 2973 548 3051 ponderibus
606 2973 941 3034 addidimus
951 3021 968 3053 ,
1024 2990 1176 3052 quae
1221 2973 1499 3051 sequenti
1550 2973 1765 3052 pagina
1810 2973 2211 3054 continentur,

186 3070 253 3122 ut
293 3065 355 3125 in
401 3062 817 3125 huiuscemodi
861 3061 1071 3144 rebuS‚
1126 3063 1180 3122 si
1225 3062 1419 3122 visum
1466 3060 1673 3143 fuerit,
1721 3060 1795 3122 de
1843 3060 2003 3122 fonte
2051 3060 2210 3141 quod

190 3152 348 3214 aiunt
389 3156 522 3233 ipso
570 3158 808 3231 petatur
853 3152 1191 3213 auctoritas.

671 3290 849 3375 Περὶ
895 3290 1163 3375 μέτρων
1205 3290 1326 3353 καὶ
1370 3294 1719 3372 σταθμῶν.

347 3413 434 3478 Ἡ
462 3420 582 3498 μνᾶ
619 3415 734 3499 ἔχει
771 3410 947 3491 ὁλκὰς
984 3411 1071 3498 ρξ’
1071 3460 1091 3495 ,
1134 3409 1174 3496 ἡ
1220 3416 1385 3497 λίτρα
1420 3413 1533 3497 ἔχει
1575 3408 1817 3522 οὖγγίας
1853 3405 1963 3494 ιβ’,
1997 3407 2037 3492 ἡ
2075 3407 2209 3494 οὔγ-

189 3505 282 3584 γία
325 3506 440 3589 ἔχει
487 3500 668 3581 ὁλκὰς
711 3501 786 3588 η’,
832 3499 872 3586 ἡ
922 3499 1066 3586 ὁλκὴ
1105 3503 1220 3585 ἔχει
1256 3500 1566 3613 γράμματα
1601 3500 1656 3587 γ’
1656 3547 1676 3583 ,
1719 3498 1784 3565 τὸ
1820 3497 2059 3586 γράμμα
2094 3499 2210 3581 ἔχει

191 3586 433 3673 ὄβολονς
478 3590 552 3676 β’,
600 3589 623 3658 ἕ
680 3589 890 3675 ὀβολὸς
936 3593 1052 3676 ἔχει
1095 3588 1334 3676 κεράτια
1372 3587 1425 3655 δ’
1426 3636 1446 3672 ,
1490 3587 1554 3655 τὸ
1590 3586 1860 3673 κεράτιον
1905 3588 2020 3672 ἔχει
2072 3594 2209 3671 χαλ-

1827 3690 1891 3743 1*
