2575 4092
1128 242 1604 307 —326—

353 411 538 490 veris3
593 407 706 468 hoc
762 407 940 467 etiam
995 408 1190 484 aegris
1245 406 1374 466 sine
1431 404 1778 466 difficultate
1835 406 2164 485 succurrit;
2227 405 2390 464 sanis

357 498 563 559 eadem
610 514 762 576 aqua
807 513 945 556 cum
991 495 1247 576 condito,
1296 496 1349 555 si
1393 497 1474 556 ita
1520 493 1743 574 malint,
1790 495 2013 572 optime
2060 493 2257 554 datur.

253 599 319 649 62
535 585 624 647 Ad
662 583 899 646 cholera
936 583 1333 663 reprimenda.
1387 582 1660 644 Puleium
1694 582 2252 644 commanducatum
2290 600 2386 643 su·

356 694 468 755 per
504 674 852 736 umbilicum
888 675 1215 753 inpositum
1253 671 1693 752 obligatumque
1733 673 2107 750 supprimere
2147 670 2384 732 cholera

358 771 419 825 et
473 765 923 843 intempestivos
979 769 1039 822 et
1093 763 1409 823 continuos
1455 763 1712 822 vomitus
1768 762 1918 821 mire
1975 766 2228 821 constat.
2323 760 2384 821 Si
2409 774 2430 816 ⁵

357 853 430 913 de
487 852 726 914 cholera
781 860 980 912 autem
1034 857 1198 911 tanta
1252 851 1572 912 concitatio
1628 852 1886 910 vomitus
1941 856 2059 930 est,
2123 856 2194 910 ut
2249 868 2384 909 con·

356 943 538 1002 tineri
583 959 702 1002 non
748 941 966 1020 possit,
1023 939 1331 1019 hedyosmi
1384 946 1486 1000 aut
1541 956 1755 1000 erucae
1801 936 2063 998 ramulos
2109 945 2237 998 tres
2284 946 2383 999 aut

358 1037 639 1110 quattuor
676 1048 812 1091 cum
850 1028 990 1089 mali
1025 1030 1257 1107 granati
1288 1045 1433 1088 suco
1464 1029 1756 1088 contritos
1785 1026 2190 1088 absorbendos
2228 1026 2382 1108 dato,

248 1132 315 1180 63
355 1122 636 1180 continuo
677 1117 999 1179 sedabitur.
1066 1116 1278 1177 Vinum
1318 1124 1611 1196 myrteum
1650 1114 2009 1177 sorbendum
2049 1115 2205 1197 dato,
2247 1134 2381 1195 pro·

352 1210 515 1269 tinus
562 1208 850 1267 vomitum
896 1206 1261 1286 conprimes3
1309 1204 1464 1266 lauri
1503 1204 1681 1266 bacas
1718 1204 1944 1284 aliquot
1982 1206 2271 1265 contritas
2308 1223 2379 1266 ex
2405 1220 2448 1259 ιο

352 1298 490 1356 vino
545 1297 716 1374 potui
770 1293 934 1355 datas
988 1311 1343 1354 succurrere
1392 1294 1631 1355 cholera
1676 1292 2082 1354 laborantibus
2130 1301 2380 1355 constat.

247 1388 315 1437 64
351 1383 654 1445 Mororum
712 1383 785 1444 de
842 1382 1012 1444 rubis
1068 1401 1252 1444 sucus
1309 1389 1522 1463 epotus
1576 1383 1899 1444 efficaciter
1952 1382 2199 1461 prodest
2246 1383 2381 1444 cho·

353 1473 495 1534 leris
541 1472 964 1553 reprimendis3
1021 1471 1219 1533 caules
1269 1479 1557 1551 quantum
1602 1474 1858 1533 maiores
1904 1471 2155 1532 discocti
2202 1481 2264 1532 et
2309 1490 2378 1532 ex

246 1565 314 1613 65
352 1569 519 1623 aceto
585 1564 807 1641 sumpti
863 1560 1134 1622 similiter
1190 1561 1521 1622 medentur.
1614 1560 1887 1641 Cydonea
1941 1559 2092 1620 bene
2150 1568 2379 1621 matura

352 1669 472 1712 non
520 1658 687 1712 cocta
732 1653 796 1710 in
843 1650 977 1711 cibo
1024 1657 1265 1730 accepta
1314 1650 1587 1710 similiter
1627 1656 1908 1730 prosunt3
1955 1648 2133 1710 bacae
2173 1649 2378 1711 itidem
2404 1662 2448 1704 15

352 1739 582 1818 agrifoli
629 1741 803 1800 tritae
850 1757 989 1800 cum
1034 1740 1171 1798 vino
1218 1740 1389 1818 potui
1434 1738 1602 1799 datae
1650 1741 1769 1799 cito
1822 1737 2199 1800 subveniunt.

246 1831 313 1881 66
529 1827 616 1887 Ad
684 1827 877 1889 alvum
943 1827 1353 1888 concitandam
1416 1829 1620 1888 aizoon
1679 1826 1891 1908 herba,
1956 1845 2106 1906 quae
2171 1826 2379 1889 Latine

354 1916 563 1977 sedum
600 1915 947 1998 appellatur,
986 1935 1058 1977 ex
1097 1918 1231 1976 vino
1270 1917 1525 1977 contrita
1564 1923 1821 1995 potaque
1852 1915 2178 1995 plurimum
2204 1918 2380 1996 prod·

247 2009 313 2058 67
354 2014 462 2067 est.
545 2005 778 2066 Herbae
834 2007 1163 2066 vettonicae
1220 2007 1281 2065 in
1336 2003 1546 2065 umbra
1603 2005 1894 2065 arefactae
1946 2004 2082 2065 folia
2130 2014 2378 2068 contusa
2537 2065 2538 2086 ἶ

352 2104 412 2155 et
467 2096 529 2154 in
590 2094 892 2173 pulverem
950 2093 1188 2154 redacta
1244 2093 1316 2154 ad
1364 2093 1597 2173 pondus
1644 2094 2026 2154 denariorum
2072 2096 2259 2155 trium
2306 2114 2375 2156 ex
2403 2109 2449 2149 ao
2537 2095 2538 2150 1

348 2182 709 2262 hydromelis
748 2182 973 2261 cyathis
1007 2180 1161 2241 vl111
1197 2181 1451 2243 bibenda
1489 2201 1597 2262 per
1634 2181 1899 2244 triduum
1937 2182 2072 2243 data
2107 2191 2377 2245 ventrem
2537 2157 2538 2194 ¹

245 2274 311 2323 68
351 2272 479 2330 sine
517 2269 787 2330 molestia
817 2271 1096 2330 continno
1127 2279 1384 2332 movent.
1434 2270 1741 2331 Brassicae
1771 2272 2126 2332 tenerrimae
2157 2275 2375 2333 contri·

349 2367 444 2419 tae
484 2376 693 2419 sucum
732 2376 1081 2437 expressum
1119 2361 1172 2419 si
1210 2361 1345 2438 quis
1391 2359 1462 2420 ad
1511 2377 1615 2420 sex
1662 2359 1990 2440 cotylarum
2033 2379 2378 2422 mensuram

350 2447 596 2508 adiectis
651 2448 776 2508 vini
829 2447 1055 2527 cyathis
1111 2447 1305 2509 tribus
1360 2450 1597 2509 ieiunus
1643 2448 1890 2530 biberit,
1940 2451 2023 2509 ita
2069 2457 2139 2511 ut
2184 2450 2375 2530 pridie

349 2554 470 2596 non
535 2544 709 2597 cenet
771 2544 833 2597 et
895 2536 1045 2596 bene
1106 2537 1375 2615 digestus
1439 2540 1546 2617 sit,
1611 2538 1859 2598 mirifice
1924 2556 1992 2598 ac
2058 2540 2188 2599 sine
2253 2538 2445 2600 ullozs

243 2628 309 2677 69
350 2625 543 2685 taedio
582 2624 708 2685 alvo
748 2627 1038 2686 concitata
1076 2625 1447 2705 purgabitur.
1516 2623 1882 2687 Orbicularis
1918 2625 2157 2708 herbae,
2196 2646 2374 2707 quam
2537 2633 2538 2710 l

349 2712 572 2774 Graece
628 2713 995 2793 cyclaminon
1051 2721 1291 2797 vocant,
1354 2717 1408 2775 si
1461 2717 1595 2794 quis
1651 2733 1935 2794 expresso
1991 2734 2136 2777 suco
2194 2734 2373 2778 anum

348 2804 713 2883 perunxerit,
761 2804 909 2863 mira
957 2803 1259 2864 celeritate
1308 2806 1649 2883 experietur
1695 2804 1807 2865 alvi
1854 2803 2227 2866 solutionem.

243 2894 310 2943 70
526 2890 604 2952 Ut
638 2894 991 2970 purgatione
1029 2894 1254 2953 ventris
1291 2892 1551 2953 relevato
1589 2910 1839 2971 corpore
1870 2892 2190 2955 salubriter
2218 2902 2371 2956 aeta·

347 2989 468 3039 tem
515 2998 678 3059 agaS,
725 2981 918 3041 alvum
965 2980 1078 3041 hoc
1124 2999 1343 3060 genere
1391 2980 1737 3042 concitabis.
1818 2981 2066 3042 Gladioli
2110 2983 2371 3045 radicem
2396 2995 2442 3037 ³⁰
2533 3015 2539 3024 ¹

346 3067 716 3146 longitudine
763 3087 832 3130 ac
876 3068 1248 3148 plenitudine
1298 3069 1468 3148 digiti
1508 3069 1756 3151 polliciS,
1805 3073 1857 3131 si
1894 3071 2147 3132 feminae
2186 3090 2373 3133 reme·

346 3157 512 3218 dium
561 3157 821 3218 dandum
867 3160 1007 3239 erit,
1064 3161 1116 3219 si
1161 3161 1316 3239 vim,
1363 3159 1435 3219 ad
1483 3159 1937 3220 crassitudinem
1985 3159 2243 3222 duorum
2290 3161 2372 3223 di-

346 3246 604 3324 gitorum
673 3253 731 3307 et
795 3245 1226 3325 longitudinem
1284 3249 1463 3308 unius
1523 3248 1688 3309 dabis
1745 3248 2014 3309 derasam
2080 3260 2139 3311 et
2193 3250 2373 3312 lotam

347 3337 780 3415 contritamque
824 3336 1220 3397 valentissime
1261 3336 1518 3434 adiectisx
1545 3355 1730 3416 aquae
1771 3337 1997 3417 cyathis
2034 3336 2141 3398 1111
2180 3349 2282 3401 aut
2308 3338 2372 3419 V,

523 3546 555 3595 2
594 3541 822 3597 condito
860 3547 894 3597 1
904 3559 956 3597 m
994 3542 1353 3598 condimento
1391 3549 1511 3600 2m.
1653 3550 1716 3598 11
1759 3543 1996 3601 cholere.
2137 3550 2204 3600 1⁷
2244 3562 2371 3602 con·

338 3608 634 3666 citandam
670 3618 768 3667 1m
805 3613 1201 3669 concitandum
1234 3618 1357 3672 2m.
1504 3620 1572 3669 23
1611 3615 1923 3671 cotilarum.
