2575 4092
1125 238 1607 305 —134—

352 410 412 463 et
458 401 722 462 furfures
765 418 901 462 cum
942 418 1093 480 aqua
1129 400 1322 462 mulsa
1360 401 1657 482 decoques
1699 409 1759 463 et
1795 419 1904 482 pro
1943 398 2380 480 gargalismatio

243 505 312 555 29
351 492 542 553 uteris
598 490 668 550 ad
727 507 900 550 uvam
956 490 1363 569 reparandam.
1446 490 1657 552 Aleum
1709 508 1846 552 cum
1893 489 2014 550 sale
2061 490 2272 550 tritum
2318 491 2379 550 in

244 592 312 644 30
351 578 607 640 cocleari
642 578 979 659 adpositum
1015 597 1164 640 uvae
1203 579 1586 641 vehementer
1625 598 1754 640 eam
1792 577 2033 639 relevat.
2088 577 2217 638 Alei
2253 596 2378 639 urn-

351 667 614 749 bilicum,
651 686 767 746 quo
806 685 988 746 grana
1026 671 1413 730 continentur
1446 677 1623 748 atque
1653 667 1760 729 ubi
1787 667 2020 729 radices
2046 666 2377 748 inhaerent,

351 775 488 818 cum
535 759 681 835 ipsis
728 755 1033 818 radicibus
1079 758 1141 817 in
1189 757 1504 836 phoenicio
1561 756 1792 835 conliga
1848 765 1910 817 et
1963 754 2255 817 laboranti
2303 757 2375 817 de
2401 772 2432 815 5

243 859 308 909 31
352 863 463 907 uva
510 845 649 906 luna
696 847 946 926 septima
993 844 1345 926 phylacterii
1390 864 1555 907 more
1602 845 1952 925 suspendes,
2044 843 2235 906 Ovum
2281 864 2378 906 ex·

350 937 642 996 inanitum
689 934 1049 1013 completum
1098 936 1227 995 viva
1273 943 1433 996 terra
1479 934 1609 996 loco
1653 934 1853 995 clauso
1892 935 1944 995 si
1981 933 2378 996 abscondatur

350 1023 422 1084 ab
471 1042 560 1104 eo,
606 1025 710 1102 qui
755 1022 828 1084 de
868 1023 1139 1084 faucibus
1178 1032 1237 1084 et
1274 1025 1511 1084 arteriis
1548 1022 1857 1104 laborabit,
1904 1023 2170 1084 remedio
2208 1042 2376 1103 prae-

242 1126 312 1176 32
351 1114 506 1174 senti
552 1112 669 1173 sibi
714 1111 1005 1173 subvenit.
1098 1111 1228 1173 Olei
1275 1114 1493 1174 veteris
1549 1113 1706 1192 quod
1761 1114 1905 1173 satis
1951 1114 2067 1173 erit
2110 1112 2378 1174 infusum

349 1200 594 1262 naribus
649 1208 945 1262 tumorem
996 1203 1354 1262 arteriorum
1401 1219 1679 1281 represso
1725 1201 1993 1280 periculo
2040 1202 2377 1262 suffocatio·
2406 1219 2461 1259 ιο

243 1303 310 1352 33
351 1292 444 1350 nis
492 1291 728 1350 evincit.
820 1287 1052 1350 Fimum
1102 1289 1536 1370 columbinum,
1591 1291 1741 1351 ficus
1797 1289 1992 1351 aridas
2043 1297 2104 1350 et
2152 1292 2378 1351 nitrum

350 1378 567 1440 tundes
614 1396 799 1458 eaque
847 1380 1029 1439 mixta
1075 1381 1449 1440 extrinsecus
1495 1379 1785 1461 adpones3
1839 1378 1953 1439 hoc
2010 1378 2378 1440 medicamen

243 1481 313 1531 34
348 1469 727 1546 asperitatem
767 1466 1029 1528 faucium
1067 1467 1256 1528 mollit
1293 1467 1869 1547 destillationemque
1908 1469 2173 1546 castigat.
2233 1467 2379 1529 Coc-

347 1557 473 1617 leae
521 1564 678 1617 terra
726 1563 957 1617 tantum
996 1575 1244 1617 excussa
1283 1556 1502 1617 inlotae
1541 1564 1899 1637 coquuntur,
1947 1556 2163 1616 debinc
2200 1558 2378 1617 tritae

349 1664 486 1707 cum
524 1663 697 1725 passo
736 1645 969 1706 Cretico
1009 1646 1322 1707 adversum
1364 1645 1621 1706 faucium
1659 1645 1961 1706 molestias
1997 1645 2377 1707 hauriuntur.
2409 1660 2460 1702 15

242 1746 310 1797 35
348 1734 426 1795 Ut
461 1734 721 1795 faucium
760 1734 1040 1795 duritiam
1079 1734 1282 1815 leniaS,
1331 1734 1699 1795 medicamen
1737 1735 1917 1795 facies
1954 1733 2096 1796 tale:
2142 1733 2379 1813 Myrrae

355 1856 432 1867 —
473 1822 584 1905 111,
631 1824 793 1884 croci
845 1857 919 1866 —
963 1823 1015 1904 I,
1063 1824 1433 1903 tragacanthi
1484 1856 1556 1867 ——
1600 1822 1717 1902 111,
1755 1825 2107 1883 ammoniaci
2156 1855 2235 1867 -
2279 1823 2379 1907 111,

348 1910 541 1973 mellis
597 1911 756 1991 quod
813 1914 956 1972 satis
1014 1914 1108 1973 sit.
1201 1911 1413 1973 Omnia
1467 1912 1615 1973 haec
1672 1915 1813 1972 trita
1859 1920 2035 1990 atque
2082 1914 2380 1991 permixta

347 2000 637 2062 recondes
677 2007 737 2061 et
774 2010 979 2079 parato
1019 2008 1305 2079 certoque
1344 2001 1609 2062 subsidio
1653 2000 1725 2061 ad
1763 2002 2012 2062 arterias
2051 2003 2380 2062 crassiores

243 2107 311 2155 36
351 2097 412 2150 et
476 2089 548 2149 ad
613 2087 1022 2150 difficultatem
1088 2091 1250 2150 vocis
1315 2092 1523 2151 uteris,
1625 2089 1711 2150 Ad
1779 2097 2047 2154 tumores
2108 2108 2255 2151 uvae
2319 2098 2460 2152 etso

349 2178 608 2239 saucium
674 2176 1086 2256 reprimendos
1148 2178 1492 2256 gargalizari
1553 2186 1788 2258 oportet
1848 2178 2105 2257 tepidam
2163 2197 2381 2258 aquam

346 2265 600 2328 mulsam
645 2283 781 2326 cum
830 2284 1037 2326 umore
1084 2268 1308 2327 tisanae
1361 2276 1422 2328 et
1467 2286 1604 2328 cum
1650 2267 1823 2328 melle
1871 2267 2193 2348 decoctam,
2241 2286 2382 2347 pas-

349 2373 482 2415 sum
530 2372 768 2434 quoque
815 2373 953 2415 cum
990 2352 1355 2435 glycyrrhiza
1402 2354 1493 2416 vel
1539 2355 1764 2436 hysopo
1811 2356 1904 2417 vel
1949 2357 2122 2416 faeno
2160 2374 2382 2435 graeco

349 2443 441 2504 vel
487 2442 594 2503 lini
640 2444 866 2504 semine
914 2442 1227 2505 decoctum
1267 2447 1428 2505 iuvat
1475 2462 1708 2505 necnon
1756 2453 1817 2506 et
1863 2462 2011 2524 aqua
2051 2444 2382 2506 malvarum

242 2549 308 2600 37
347 2532 469 2594 illic
504 2534 873 2593 incoctarum
912 2532 1351 2611 gargalizationi
1389 2532 1712 2612 plurimum
1742 2533 2002 2612 prodest.
2059 2532 2219 2594 Bene
2251 2537 2379 2614 opi·
2410 2547 2461 2589 25

349 2621 574 2682 tulatur
613 2628 673 2681 et
710 2620 1039 2682 fomentum
1077 2639 1186 2700 per
1214 2622 1515 2700 sfongeam
1550 2621 1878 2683 adhibitum
1909 2641 1981 2683 ex
2010 2640 2161 2700 aqua
2189 2622 2381 2683 calida

348 2711 601 2771 arteriae
648 2716 710 2770 et
747 2709 1037 2788 faucibuS,
1084 2728 1230 2788 quas
1267 2718 1469 2790 partes
1508 2718 1713 2789 postea
1752 2713 1871 2790 tegi
1909 2709 2210 2790 oportebit
2248 2711 2385 2772 lana

350 2798 553 2861 sucida
602 2816 767 2876 pura.

242 2904 311 2954 38
529 2887 752 2948 Sedant
806 2895 1070 2948 tumores
1121 2887 1384 2948 faucium
1430 2895 1490 2948 et
1536 2905 1682 2949 uvae
1729 2890 2152 2967 perunctiones
2200 2906 2384 2967 quae-

350 2977 511 3059 dam,
567 2986 635 3037 ut
694 2995 875 3037 sucus
932 2976 1005 3036 de
1062 2978 1245 3038 moris
1302 2984 1508 3037 coctus
1563 2978 1625 3037 in
1671 2976 1864 3037 mellis
1911 2976 2384 3059 spissitudinem,
2411 2997 2465 3037 so

349 3068 492 3126 item
531 3064 669 3125 mali
697 3065 907 3126 Punici
946 3083 1267 3143 granorum
1307 3083 1507 3146 sucus,
1544 3067 1686 3126 item
1725 3084 1871 3127 uvae
1909 3064 2157 3126 acerbae
2196 3084 2385 3127 sucus

350 3154 560 3215 eodem
605 3153 781 3214 modo
828 3154 1142 3233 decoctus;
1189 3153 1435 3233 prodest
1480 3162 1540 3215 et
1586 3154 1823 3215 lentisci
1859 3161 1919 3215 et
1956 3153 2282 3216 terebinthi
2324 3165 2388 3217 et

350 3244 500 3304 rhus
529 3242 754 3323 Syriaci
784 3251 844 3303 et
871 3250 1099 3322 myrtae
1130 3249 1191 3303 et
1228 3241 1365 3303 rubi
1402 3251 1465 3304 et
1501 3261 1670 3304 rosae
1710 3261 1908 3323 sucus,
1949 3245 2165 3304 sicum
2206 3243 2386 3305 melle

350 3332 497 3393 haec
545 3334 738 3392 omnia
789 3331 1228 3413 decoquantur;
1284 3350 1475 3410 pruna
1536 3350 1773 3412 quoque
1829 3340 2082 3413 prosunt
2128 3341 2387 3414 matura,

494 3474 526 3523 5
545 3466 804 3523 foenicio.
906 3474 937 3521 6
957 3465 1200 3521 filaterii.
1304 3472 1335 3520 7
1356 3467 1770 3524 abscondiatur.
1874 3473 1941 3523 10
1970 3465 2389 3537 suffugationis.

353 3546 419 3594 15
458 3538 768 3595 auriuntur.
874 3543 939 3592 16
976 3538 1238 3605 myrrhae
1276 3540 1412 3607 (sic).
1517 3544 1580 3594 17
1620 3538 1949 3593 tracacanti.
2031 3544 2103 3593 20
2141 3537 2392 3596 difficul-

349 3611 487 3665 tate.
581 3617 649 3666 23
686 3608 981 3682 glyceriza.
1075 3615 1143 3663 25
1181 3608 1424 3665 incocta.
1533 3609 1806 3680 prodeunt
1843 3612 1980 3681 (sic).
2072 3615 2143 3665 33
2180 3615 2391 3681 myrto.
