2575 4092
1015 234 1412 288 -v-

197 412 316 452 non
342 393 577 452 extant.
639 390 872 451 Desunt
897 390 962 450 in
988 389 1190 450 codice
1219 409 1270 450 e.
1299 407 1347 450 c.
1376 391 1549 450 haec:
1585 411 1644 468 p.
1674 392 1862 470 39,31
1895 396 1950 452 et
1972 394 2236 467 septima,

201 492 385 569 55‚11
421 491 625 563 rufae,
666 489 854 566 55,32
887 489 1104 555 tritam,
1145 488 1334 565 57,31
1366 488 1455 547 vel
1481 488 1818 557 collisiones,
1859 490 2048 563 90,33
2080 492 2239 552 aeris

196 592 310 650 usti
335 587 455 665 35,
490 587 726 665 146,16
768 585 1139 661 Unyuzamm
1171 615 1247 626 -—
1283 586 1558 662 medetur,
1588 588 1825 665 267,14
1853 588 2016 661 faeni
2038 590 2238 663 yraeoi

196 689 333 748 bene
376 686 655 745 mundati
699 688 752 743 ct
785 685 887 744 loti
921 685 1297 757 quartarimn
1342 689 1411 751 et,
1462 684 1695 761 282,33
1733 684 1949 752 hordei,
1997 686 2233 758 288,ae

196 803 384 859 aquae
438 782 753 843 anethinae
806 781 1037 857 cyathos
1091 785 1206 841 tres
1252 785 1331 849 et,
1388 782 1623 859 290,25
1674 798 1746 842 ex
1787 784 1949 851 vino,
1999 785 2235 861 3oe‚24

195 884 483 958 sayapeni
543 878 769 958 XIIII,
832 880 1086 954 yummis
1146 876 1367 957 xlm,
1441 882 1773 941 artemisiae
1835 883 1961 941 suci
2023 884 2074 939 X
2096 880 2236 940 1111.

195 980 459 1039 Exhibet
488 977 695 1053 codex,
731 995 869 1037 cum
906 976 970 1035 in
998 974 1273 1036 Cornarii
1301 976 1561 1038 editione
1589 976 2023 1053 desiderentur,
2060 978 2238 1039 haec:

195 1096 251 1153 p.
283 1078 477 1151 265,3
509 1077 752 1136 seminis
784 1106 859 1116 —
886 1073 937 1149 I,
960 1075 1302 1148 petroselini
1326 1075 1695 1136 Macedonici
1725 1106 1801 1117 -
1826 1074 1874 1148 Ι,
1909 1096 1967 1153 p.
1999 1075 2234 1151 300,26

193 1173 404 1234 Scillae
460 1175 637 1233 albae
698 1190 889 1249 usque
955 1170 1032 1231 ad
1084 1192 1143 1249 p.
1184 1174 1418 1250 303,17
1487 1175 1556 1234 de
1607 1174 1896 1235 simacho
1952 1178 2237 1249 com-apto.

196 1271 357 1341 Quae
405 1290 553 1332 cum
597 1270 688 1330 ita
733 1271 872 1349 sint,
918 1269 1227 1330 exordium
1273 1270 1491 1347 capitis
1536 1270 1830 1331 XXVIIII
1873 1271 1938 1331 in
1974 1270 2237 1332 editione

193 1369 463 1447 principe
532 1367 704 1428 aliud
760 1370 855 1427 est
919 1370 1101 1443 atque
1165 1367 1230 1427 in
1284 1368 1505 1430 codice.
1595 1368 1708 1429 His
1775 1368 1971 1429 causis
2034 1371 2237 1429 motus

196 1464 563 1527 Cornarium
609 1466 729 1525 alio
785 1465 986 1525 codice
1030 1483 1209 1525 usum
1266 1484 1401 1527 esee
1447 1466 1752 1540 existimo,
1808 1465 1915 1526 sed
1967 1484 2088 1526 non
2131 1485 2238 1526 ne-

192 1563 464 1640 gaverim
510 1564 698 1623 illum
739 1562 1127 1623 Laudunensi
1171 1564 1329 1625 libro
1374 1563 1561 1624 fuisse
1608 1562 1998 1624 simillimum.

327 1660 619 1722 Cornarii
677 1662 910 1720 textum
970 1665 1325 1737 receperunt
1384 1661 1611 1721 Aldus
1674 1653 1930 1742 (Medici
1987 1660 2237 1737 antiqui.

195 1757 406 1821 Venet.
470 1752 686 1838 1547)
751 1762 814 1818 et
879 1758 1293 1835 Stephanus
1361 1750 1658 1841 (Medicae
1723 1758 1874 1818 artis
1937 1758 2238 1835 principes

200 1850 413 1939 1567).

326 1999 564 2077 Scripsi
608 1997 923 2077 Augustae
970 1998 1421 2060 Vindelicorum

444 2114 661 2156 mense
707 2095 1048 2173 Septembri
1095 2098 1281 2157 1889.
1928 2175 1989 2245 G
2058 2177 2127 2244 Η
