2575 4092
1098 254 1163 263 -
1273 217 1576 282 180—

214 396 283 445 30
321 384 479 443 sicut
516 388 788 443 cerotum
824 379 1066 442 linteolo
1104 381 1408 441 inductam
1437 381 1643 459 inponi
1671 386 1924 459 oportet.
1982 378 2067 439 De
2096 397 2349 458 parony-

319 469 453 532 chia
497 471 785 549 parietem
833 472 1143 549 continges
1198 477 1258 530 et
1314 487 1556 530 rursum
1612 469 1865 547 digitum
1910 467 2135 529 ducens
2180 467 2349 529 dices

318 567 440 621 ter:
466 558 553 620 Pu
583 577 666 639 pu
695 578 795 640 pu,
823 576 1147 638 numquam
1178 576 1287 637 ego
1318 566 1375 619 te
1406 557 1633 618 videam
1661 575 1770 637 per
1795 558 2087 630 parietem
2115 574 2347 635 repere.

211 661 277 710 31
496 647 584 709 Ad
632 647 953 728 digitorum
1001 656 1060 709 et
1106 646 1493 708 articulorum
1542 645 1880 707 subluvium
1926 645 2017 706 vel
2055 663 2346 726 suppura-

318 738 541 798 tionem
599 736 916 798 sedandam
971 744 1366 798 atramentum
1424 737 1806 815 scriptorium
1863 753 1935 795 ex
1987 742 2154 795 aceto
2200 742 2348 795 tem-
2376 751 2402 794 5

318 844 459 905 pera
507 833 567 887 et
612 827 687 887 de
728 824 973 906 pinnula
1019 824 1203 886 inliue
1254 825 1508 904 digitum
1546 825 1637 884 vel
1675 823 1991 885 articulum
2031 823 2349 904 dolentem,

318 915 594 976 lucernae
655 933 892 995 quoque
949 915 1196 993 fungum
1253 922 1497 975 contere
1563 922 1623 974 et
1676 915 1895 993 inpone
1950 911 2349 992 paronychiae

318 1002 411 1065 vel
456 1004 642 1082 digito
690 1011 960 1064 contuso.

213 1103 280 1153 32
498 1092 585 1152 Ad
623 1090 812 1153 cubiti
848 1094 1054 1153 vitium
1093 1090 1186 1152 vel
1223 1090 1489 1153 dolorem
1527 1108 1736 1169 spuma
1774 1092 2007 1170 argenti
2039 1092 2179 1152 trita
2209 1109 2350 1152 cum

319 1178 449 1241 oleo
497 1198 740 1241 rosaceo
789 1180 1095 1260 emplastri
1139 1180 1315 1243 modo
1361 1179 1590 1243 utiliter
1635 1179 1998 1241 admovetur.
2375 1197 2436 1238 ιο

1123 1374 1280 1437 CAP.
1321 1373 1544 1436 XVIIII.

317 1487 426 1543 Ad
470 1486 809 1543 lichenem
854 1486 994 1542 eive
1040 1491 1469 1558 ment-‚egram
1512 1486 1628 1543 vel
1670 1485 2113 1556 inpetiginem
2154 1490 2224 1542 et
2259 1488 2350 1542 ad

320 1575 837 1646 elephantiasim
883 1578 952 1631 et
997 1575 1258 1646 lepram
1305 1580 1375 1632 et
1420 1575 1901 1633 exanthemata
1941 1578 2009 1632 et
2044 1575 2350 1631 maculas

320 1667 391 1720 et
425 1664 676 1720 livores
702 1656 1145 1734 tumoresque
1175 1666 1260 1722 de
1290 1664 1463 1721 facie
1500 1664 1872 1720 abolendos
1910 1668 1980 1719 et
2016 1664 2106 1720 ad
2142 1677 2350 1732 genas

320 1753 593 1809 scabras
641 1755 710 1809 et
755 1753 1102 1811 cicatrices
1146 1754 1487 1810 malarum
1531 1754 1919 1823 purgandas
1967 1755 2038 1809 et
2083 1753 2173 1808 ad
2206 1753 2349 1809 len-

318 1841 562 1910 tigines
627 1846 699 1897 et
752 1842 1067 1911 stigmata
1130 1843 1424 1899 delenda.
1485 1854 1945 1910 verrucaeque
2008 1841 2351 1897 tollendas

505 1930 806 1987 remedia
851 1931 1276 1988 rationabilia.
1323 1933 1393 1987 et
1437 1930 1717 2000 physica.
1763 1930 2029 1987 diversa
2076 1931 2160 1986 de

1079 2019 1586 2089 experimentis.

252 2169 281 2217 1
498 2152 598 2214 Ad.
631 2153 929 2215 lichenem
976 2156 1097 2215 sive
1137 2163 1523 2237 mentagram,
1569 2154 1727 2234 quod
1764 2157 1972 2216 vitium
2010 2155 2354 2235 neglectum

321 2241 473 2303 solet
527 2260 636 2321 per
693 2250 875 2304 totam
930 2243 1141 2304 faciem
1197 2251 1258 2304 et
1312 2263 1421 2324 per
1473 2251 1669 2305 totum
1724 2262 1943 2323 corpus
1998 2262 2243 2323 serpere
2292 2253 2354 2306 et

319 2329 525 2411 plures
571 2331 842 2392 homines
880 2333 1220 2414 inquinare3
1268 2350 1404 2394 nam
1443 2332 1707 2394 Soranus
1745 2332 2013 2395 medicus
2051 2333 2352 2412 quondam

321 2420 595 2481 ducentis
651 2420 993 2483 hominibus
1049 2421 1163 2482 hoc
1217 2421 1426 2483 morbo
1484 2421 1890 2483 laborantibus
1945 2422 2227 2484 curandis
2290 2425 2355 2484 in

321 2508 633 2587 Aquitania
681 2528 743 2570 se
781 2508 1012 2572 locavit.
1085 2509 1239 2573 Huic
1278 2529 1421 2591 ergo
1457 2511 1783 2572 valetudini
1818 2513 2071 2572 maxime
2110 2511 2354 2573 meden-
2386 2528 2443 2569 15

321 2605 422 2657 tur
478 2597 852 2659 cantharides
906 2601 1081 2660 tritae
1138 2608 1198 2662 et
1247 2599 1450 2661 inlitae
1498 2618 1634 2661 cum
1682 2618 1827 2661 suco
1874 2618 2021 2661 uvae
2068 2600 2355 2662 Amineae

212 2712 221 2727 ··
321 2692 382 2746 et
428 2703 563 2746 cum
612 2704 750 2747 sevo
798 2689 925 2748 ovis
970 2686 1063 2748 vel
1108 2706 1339 2769 caprae,
1388 2688 1491 2750 sed
1538 2691 1707 2769 prius
1749 2689 1897 2749 facie
1934 2688 2052 2750 lota
2091 2697 2152 2750 et
2190 2691 2355 2751 nitro

252 2785 283 2835 2
321 2773 636 2853 diligenter
674 2783 879 2836 curata
907 2777 1275 2838 medicamen
1304 2778 1647 2857 imponitur.
1705 2777 1902 2856 Adeps
1932 2776 2098 2839 vituli
2135 2781 2361 2840 marini

251 2874 283 2923 3
320 2865 576 2943 inposita
613 2871 951 2945 mentagrae
989 2865 1314 2945 plurimum
1341 2866 1603 2947 prodest.
1667 2865 1901 2928 Ficulni
1928 2866 2127 2928 caules
2156 2870 2362 2929 teneri

499 3075 532 3122 5
562 3070 914 3139 scriptorium
934 3071 1270 3142 Stephanus:
1299 3072 1633 3142 scriptorum
1664 3071 1984 3129 Gornarius.
2082 3079 2145 3128 13
2176 3074 2357 3131 Hunc

322 3139 498 3196 locum
533 3146 633 3196 aut
667 3143 846 3210 ipsius
883 3142 1141 3199 Marcelli
1179 3149 1278 3199 aut
1316 3144 1539 3199 librarii
1574 3144 1908 3215 myleyentia
1944 3146 2188 3214 yraviter
2226 3161 2350 3203 cor-

319 3215 546 3282 ruptum
590 3227 700 3268 esse
743 3229 771 3269 e
814 3212 979 3270 Plini
1021 3220 1137 3270 nat.
1174 3216 1299 3271 hist.
1342 3214 1590 3283 XXVI,
1628 3219 1665 3269 4
1710 3220 1967 3285 apparet,
2014 3217 2175 3272 euius
2220 3217 2361 3275 haec

319 3288 453 3338 eunt
477 3284 667 3339 verba.-
705 3286 920 3339 certum
946 3289 1037 3341 est
1061 3285 1355 3341 Manilium
1386 3284 1695 3341 Cornutum
1724 3301 1754 3339 e
1781 3286 2062 3356 praetoris
2091 3287 2357 3358 legatum

322 3370 696 3440 Aquitanicae
732 3371 1054 3444 provinciae
1081 3374 1173 3430 HS
1204 3361 1301 3431 (Τό
1331 3374 1580 3430 elocasse
1617 3375 1677 3429 in
1714 3391 1780 3431 eo
1814 3376 2011 3431 morbo
2041 3376 2362 3432 curandum

323 3457 465 3508 sese3
494 3444 567 3512 cf.
585 3443 986 3501 Pseudo-Plin.
1018 3446 1083 3502 de
1107 3447 1296 3502 medic.
1316 3446 1359 3513 1,
1379 3451 1443 3501 18
1466 3447 1567 3516 (ed.
1589 3444 1777 3515 Rom:
1807 3444 2049 3502 Manlius
2069 3446 2360 3504 Cornutus

347 3514 548 3639 3329?
570 3516 1305 3643 gffiiffiixgznffflffianicoe
1341 3517 1565 3589 legatus
1592 3515 1771 3590 <HS>
1797 3515 1881 3572 CC
1920 3517 1981 3573 in
2015 3516 2124 3573 hoc
2152 3521 2363 3576 morbo
