2575 4092
1011 268 1085 279 -
1184 183 1313 297 339
1411 183 1543 279 -’

236 394 564 473 ciamento,
621 411 739 473 quo
795 396 888 455 uti
942 394 1124 476 soles,
1181 394 1380 464 locum
1436 396 1746 474 inguinum
1802 395 2170 457 laborantem
2217 398 2268 456 si

235 482 651 563 perfricueris,
697 483 1011 544 confestim
1058 486 1468 562 intertrigines
1510 479 1697 545 tolleS.
1771 484 2099 565 Axungiam
2136 503 2267 565 per·
2305 497 2375 547 36

237 579 505 632 veterem
568 570 948 651 liquefactam
1004 581 1065 634 et
1120 590 1424 634 cerussam
1482 572 1634 633 bene
1662 611 1669 618 ·
1699 574 1899 635 tritam
1955 575 2269 654 permisce,

237 659 435 721 donec
481 662 653 740 accpi
698 661 1155 722 crassitudinem
1201 661 1432 743 habeat,
1463 668 1646 746 ,at'que
1687 661 1825 723 inde
1864 663 2270 742 intertrigines

176 765 206 807 5
238 748 523 827 perfrica,
570 748 894 811 efficaciam
939 749 1190 811 remedii
1236 749 1722 829 celeritatemque
1766 750 2086 831 mirabere;
2132 768 2270 812 nam

236 837 359 898 hoc
416 836 781 899 medicamen
839 840 1028 899 etiam·
1062 837 1351 917 rhagadas
1398 839 1720 900 efficaciter
1767 846 1950 900 sanat.
2033 839 2266 900 Cretam
2307 851 2375 899 37

237 928 640 1004 argentariam
698 945 835 988 cum
885 928 1022 987 vino
1071 935 1268 988 vetere
1316 929 1519 989 tritam
1565 930 1835 1007 impones
1882 930 2042 989 tritis
2086 930 2270 989 inter·

237 1013 594 1096 triginibus,
648 1015 873 1095 optime
925 1017 1253 1095 accipieriS.
1338 1015 1482 1078 Oleo
1529 1023 1730 1077 vetere
1778 1023 1839 1077 et
1885 1035 2035 1095 aqua
2083 1015 2267 1077 calida
2308 1026 2376 1077 38

237 1105 535 1183 permixta
582 1102 827 1165 adsidue
871 1105 1115 1183 inguina
1162 1104 1319 1180 fove,
1377 1107 1660 1166 continuo
1717 1104 2033 1166 subvenies
2088 1107 2270 1166 inter·

150 1210 210 1251 10
243 1191 568 1271 triginibus
607 1194 844 1254 attritis·
930 1193 995 1253 Si
1040 1192 1402 1254 exulceratio
1447 1195 1891 1274 intertriginum
1939 1196 2080 1273 erit,
2132 1212 2269 1273 spu·
2307 1204 2375 1253 39

240 1299 402 1345 mam
455 1283 689 1360 argenti
735 1300 808 1342 ex
854 1283 990 1342 vino
1038 1290 1314 1344 conteres
1361 1284 1534 1363 eique
1580 1281 1886 1363 pulverem
1932 1284 2095 1362 pinei
2141 1301 2270 1344 cor-

239 1371 381 1431 ticis
427 1371 592 1430 tunsi
635 1369 930 1432 miscebis·
963 1378 1023 1431 et
1067 1369 1265 1431 locum
1313 1371 1544 1432 inlines.

422 1458 510 1520 Ad
574 1460 820 1538 inguina
883 1466 943 1520 et
1005 1467 1371 1538 apostemata
1425 1459 1754 1520 remedium
1810 1461 1925 1521 sic:
1997 1458 2270 1540 Equinus
2307 1469 2378 1519 4ο

242 1549 485 1626 sanguis
542 1550 792 1608 maxime
848 1547 1182 1608 admissarii
1227 1549 1370 1627 equi
1416 1548 1763 1627 frequenter
1809 1547 2016 1609 inlitus
2062 1547 2269 1609 huius·

151 1651 211 1695 15
241 1635 407 1697 modi
443 1635 745 1698 molestias
784 1646 977 1716 sanat3
1016 1635 1269 1716 ungulae
1311 1655 1547 1716 quoque
1585 1638 1716 1697 eius
1745 1635 2087 1697 combustae
2120 1637 2270 1697 cinis

240 1743 382 1787 cum
430 1723 560 1786 oleo
598 1725 904 1806 adpositus
941 1724 1099 1786 idem
1136 1732 1417 1805 praestat.
1491 1724 1738 1786 Cocleae
1777 1725 1940 1785 vivae
1979 1726 2269 1785 contritae
2308 1734 2377 1784 41

241 1832 383 1875 cum
435 1831 635 1893 myrra
689 1822 751 1875 et
803 1815 1116 1893 impositae
1171 1814 1520 1892 inguinibus
1575 1813 1803 1875 efficaci
1858 1812 2076 1875 auxilio
2132 1812 2272 1875 sub-

157 1973 167 1977 ,
203 1956 212 1961 .
242 1905 517 1981 veniunt3
566 1902 670 1963 sed
716 1901 1141 1983 relinquendae
1180 1910 1322 1963 sunt
1359 1902 1506 1983 loco,
1553 1904 1651 1964 cui
1687 1902 1989 1981 adpositae
2027 1902 2272 1981 suerint,

243 1999 364 2053 tam
411 1991 540 2072 diu,
584 1991 774 2052 donec
821 1997 1034 2074 sponte
1081 1990 1384 2072 decidant,
1432 1989 1589 2071 quod
1635 1991 1765 2072 fiet,
1811 2008 1950 2051 cum
1994 2008 2272 2069 persana·

157 2097 216 2137 so
243 2082 455 2142 verint.
529 2079 748 2141 Arietis
796 2097 973 2158 quam
1018 2080 1398 2161 pinguissimi
1441 2079 1573 2141 lana
1618 2078 1793 2157 plena
1831 2081 1955 2141 suis
1994 2078 2271 2140 sordibus
2308 2089 2379 2137 42
2412 2156 2431 2166 ⁴

244 2168 555 2230 combusta
621 2176 682 2229 et
736 2170 799 2229 in
855 2167 1159 2247 pulverem
1214 2168 1454 2229 redacta
1507 2168 1754 2247 prodest
1808 2167 2161 2247 plurimum,
2221 2169 2274 2228 si

244 2276 315 2319 eo
364 2260 564 2318 cinere
612 2274 684 2317 ex
730 2275 879 2335 aqua
927 2256 1124 2317 locum
1170 2258 1482 2336 inguinum
1528 2258 1962 2336 perfricaveris.

420 2344 712 2406 Bestiolae
765 2344 1139 2424 multipedes,
1187 2363 1339 2424 quae
1376 2348 1439 2407 in
1476 2344 1621 2406 locis
1658 2345 1877 2406 umidis
1917 2352 1977 2406 et
2014 2344 2270 2406 sordidis
2309 2354 2377 2403 43

246 2441 573 2496 nascuntur
630 2451 899 2513 quaque
948 2441 1254 2494 contactae
1302 2434 1544 2513 pilulam
1590 2434 1664 2495 de
1711 2452 1775 2494 se
1823 2434 2074 2514 faciunt,
2132 2451 2270 2494 con-

160 2538 218 2581 25
245 2525 418 2585 tritae
475 2524 704 2585 adiecta
783 2524 932 2583 ertia
984 2531 1152 2600 parte
1199 2524 1433 2583 resinae
1481 2521 1913 2584 terebinthinae
1961 2521 2267 2601 emplastri

242 2612 417 2672 modo
474 2611 778 2690 adpositae
824 2609 1204 2671 collectiones
1250 2612 1623 2690 incipientes»,
1674 2628 1822 2689 quas
1869 2609 2082 2671 Graeci
2127 2628 2264 2689 apo-

245 2707 490 2761 stemata
545 2705 783 2852 vocaaeff',
839 2698 985 2759 adeo
1041 2708 1275 2780 sanant,
1334 2707 1401 2760 ut
1455 2700 1830 2760 tenacissime
1879 2698 2265 2778 emplastrum

243 2789 507 2869 haereat,
569 2788 686 2848 don
813 2794 1149 2866 persanent.
1242 2787 1413 2848 Lotio
1472 2787 1645 2848 suillo
1700 2787 1896 2848 locum
1953 2788 2263 2865 inguinum
2306 2797 2377 2846 44

245 2877 542 2938 dolentem
602 2875 847 2937 adsidue
903 2894 1213 2955 perungue
1270 2883 1374 2937 aut
1429 2893 1566 2937 cum
1627 2895 1696 2937 eo
1753 2875 1946 2936 lanam
2003 2874 2268 2935 sucidam

165 2982 219 3023 so
248 2966 500 3047 adpone,
559 2967 758 3025 statim
812 2963 1145 3026 medebere.
1229 2964 1552 3026 Muliebres
1608 2962 1806 3045 capilli
1861 2963 2158 3024 combusti
2210 2972 2269 3024 et
2306 2972 2376 3024 45

246 3057 486 3116 contriti
540 3063 718 3134 atque
774 3052 930 3113 inliti
984 3071 1121 3114 cum
1175 3055 1313 3113 vino
1370 3061 1472 3114 aut
1527 3072 1665 3115 cum
1711 3059 1877 3113 aceto
1925 3051 2270 3131 inguinibus

247 3144 576 3205 medentur.
650 3141 975 3202 Menstruis
1020 3140 1414 3203 muliebribus
1459 3144 1702 3222 inguina
1749 3141 2009 3202 dolentia
2048 3140 2137 3201 vel
2176 3148 2267 3201 tu·
2306 3152 2375 3202 46

246 3234 461 3293 mentia
519 3234 572 3292 si
627 3232 1080 3309 contingantur,
1138 3232 1338 3291 statim
1399 3233 1594 3293 sanari
1649 3230 1994 3292 creduntur.
2087 3228 2266 3290 Talus
2305 3240 2372 3289 47

247 3318 501 3381 bubulus
548 3318 896 3380 combustus
942 3320 1240 3397 tritusque
1288 3320 1519 3381 adiecto
1557 3319 1729 3380 melle
1768 3318 1974 3380 inlitus
2012 3320 2266 3397 inguini-

171 3422 223 3465 35
247 3407 358 3469 bus
406 3406 743 3469 dolentibus
791 3407 883 3467 vel
920 3406 1290 3469 tumentibus
1326 3409 1587 3487 prodest.
1659 3407 1908 3486 Inguina
1946 3407 2168 3468 tumida
2209 3416 2268 3468 et
2305 3418 2375 3467 48

18 3493 24 3535 ¹
249 3496 501 3558 dolentia
550 3495 812 3577 sanabiS,
860 3498 911 3556 si
956 3499 1086 3575 ipso
1135 3506 1368 3558 veretro
1416 3496 1730 3574 denudato,
1776 3495 1836 3556 id
1885 3503 1976 3556 est
2021 3495 2268 3556 reducta

247 3585 538 3667 pellicula,
586 3585 830 3646 adsidue
877 3602 946 3644 ea
993 3587 1317 3663 contigeris
1366 3583 1456 3645 vel
1503 3583 1936 3663 perfricaveriS.

1839 3682 1950 3736 22*
