2575 4092
979 225 1456 328 5-227—

202 389 346 450 losis
373 388 523 449 haec
553 390 904 470 conpositio,
938 387 1042 449 sed
1073 388 1147 448 ad
1177 404 1384 449 omnes
1414 405 1622 449 causas
1651 389 1867 450 ieiunis
1896 400 1956 451 et
1983 391 2235 451 maxime

204 478 455 556 digestis
503 486 840 556 opportune
887 477 1018 539 dari
1063 475 1258 538 debet.

380 566 471 626 Ad
517 566 785 628 dolorem
838 567 1122 627 iocineris
1176 565 1489 645 physicum
1543 566 1873 627 remedium
1930 568 2045 629 sic:
2109 567 2234 629 Cal·
2272 583 2338 633 21

202 654 375 717 culus
433 657 557 716 sive
611 654 872 736 lapillus,
928 656 1034 734 qui
1087 673 1120 715 a
1166 649 1463 716 calculoso
1510 655 1694 716 fuerit
1740 657 1996 739 eiectus,
2052 675 2234 736 super

146 759 173 801 5
199 747 372 805 iecur
415 742 675 806 dolentis
721 743 994 822 alligatus
1041 744 1243 805 statim
1286 743 1573 823 proderit.

381 832 595 912 Glycea
640 839 780 912 pota
827 839 888 894 et
924 839 1192 894 ventrem
1227 831 1447 894 laxabit
1483 841 1544 894 et
1579 834 1832 894 iocineri
1866 833 2135 913 proderit
2172 842 2233 897 et
2269 849 2338 898 22

201 922 520 1000 digestioni
567 921 859 983 stomachi
904 920 1310 1002 opitulabitur,
1358 940 1533 1001 quam
1581 921 1844 1002 glyceam
1895 923 1983 982 sic
2021 922 2233 985 facies:

96 1054 99 1055 ν
199 1010 371 1071 Aceti
407 1007 470 1070 8*
510 1009 558 1090 1,
598 1009 790 1070 mellis
829 1010 889 1070 P.
928 1010 1001 1091 11,
1044 1009 1202 1072 aloes
1245 1042 1321 1054 -
1365 1010 1462 1086 111,
1510 1009 1755 1072 feniculi
1792 1010 2024 1072 radices
2061 1010 2123 1072 P.
2162 1011 2233 1094 11,

87 1126 90 1128 v
201 1116 350 1178 quas
389 1097 617 1159 sublata
656 1100 879 1160 cortice
919 1099 1233 1180 diligenter
1270 1099 1525 1160 siccabis
1563 1108 1623 1160 et
1661 1099 1877 1161 tundes
1907 1106 2086 1179 atque
2113 1118 2233 1161 una

119 1203 172 1243 10
202 1196 377 1249 nocte
415 1189 479 1248 in
517 1195 685 1248 aceto
723 1187 1067 1269 macerabis,
1103 1196 1343 1268 postera
1382 1206 1522 1249 vero
1555 1187 1651 1250 die
1680 1207 1980 1269 excoques
2007 1189 2080 1250 ad
2109 1207 2230 1250 me·

201 1276 329 1338 dias
367 1283 429 1337 et
467 1274 707 1356 colabiS,
753 1284 897 1339 tunc
944 1276 1301 1339 admiscebis
1336 1276 1454 1339 mel
1489 1285 1552 1338 et
1602 1296 1824 1357 coques
1862 1277 2231 1340 sufficienter

197 1364 480 1445 atqueab
509 1366 645 1445 igne
676 1364 973 1428 sublatum
993 1365 1396 1445 refrigerabis,
1416 1375 1483 1427 ut
1509 1375 1798 1448 tepescat3
1826 1375 2033 1446 postea
2058 1366 2231 1428 aloen

198 1462 359 1515 teres
399 1461 461 1515 et
496 1452 794 1534 miscebiS,
840 1463 1148 1534 praeterea
1186 1455 1305 1533 apii
1342 1454 1549 1514 viridis
1586 1473 1853 1534 pugnum
1889 1455 2133 1534 plenum
2170 1463 2232 1516 et

196 1543 550 1604 tantundem
576 1549 748 1603 rutae
776 1543 983 1604 viridis
1011 1544 1209 1605 addes.
1266 1541 1426 1604 Haec
1454 1546 1650 1604 omnia
1679 1543 1750 1604 ad
1780 1544 2230 1623 spissitudinem

117 1647 168 1691 1⁶
199 1631 393 1693 mellis
420 1638 591 1693 cocta
619 1630 839 1693 colabis
868 1639 929 1692 et
956 1630 1341 1710 refrigerabis
1368 1640 1546 1711 atque
1573 1632 1711 1693 inde
1742 1631 2030 1693 coclearia
2058 1641 2231 1694 terna

196 1739 336 1781 cum
382 1739 535 1800 aqua
581 1719 768 1781 calida
811 1722 1012 1782 ieiuno
1060 1728 1122 1782 et
1169 1721 1398 1799 digesto
1444 1738 1552 1800 per
1600 1721 1867 1782 triduum
1913 1720 2097 1782 dahis.

375 1809 527 1870 Item
581 1809 654 1870 ad
708 1810 990 1870 iocineris
1042 1809 1309 1871 dolorem
1353 1809 1687 1871 remedium
1733 1812 1846 1871 sic:
1910 1809 2226 1892 Lupinum,
2264 1826 2332 1875 23

197 1898 580 1978 absinthium,
617 1906 870 1980 costum,
912 1899 1149 1960 faenum
1187 1916 1485 1979 graecum,
1525 1898 1627 1959 sed
1672 1898 1827 1977 quod
1869 1906 2093 1961 tostum
2131 1902 2226 1980 sit,

194 1990 327 2067 pari
371 1987 653 2067 pondere.
727 1985 886 2048 Haec
934 1989 1094 2049 sicca
1139 1986 1357 2050 tundes
1403 1994 1465 2048 et
1500 1986 1701 2048 cribro
1739 1987 2076 2048 medicinali
2114 1990 2225 2049 cri-

8 2076 9 2123 }
113 2090 166 2131 20
193 2076 426 2156 brabis3
480 2075 639 2136 unde
695 2077 896 2137 ieiuno
953 2076 1220 2138 cocleare
1274 2094 1641 2155 propensum
1697 2094 1769 2136 ex
1825 2093 1977 2154 aqua
2039 2076 2225 2139 calida

8 2416 11 2511 h
42 2410 47 2413 ,

8 2542 11 2621 i

193 2183 304 2244 per
351 2163 618 2225 triduum
665 2163 858 2246 dabis3
906 2165 1062 2245 quod
1101 2166 1460 2227 intermissis
1498 2163 1724 2243 aliquot
1761 2163 1976 2227 diebus
2010 2182 2223 2228 rursus

192 2272 304 2332 per
342 2253 608 2314 triduum
645 2253 919 2315 similiter
953 2253 1278 2316 bibendum
1316 2252 1499 2315 dabis
1569 2252 1866 2314 Memento
1905 2260 2119 2335 tamen,
2158 2263 2226 2315 ut

192 2343 434 2403 faenum
475 2359 755 2420 graecum
792 2342 1106 2422 diligenter
1142 2349 1461 2424 torreatur,
1507 2350 1577 2403 ut
1612 2341 1765 2403 bene
1808 2342 1980 2404 tundi
2015 2345 2222 2423 possit,

192 2442 254 2493 et
301 2433 498 2493 omnia
543 2430 835 2512 observet,
884 2450 1035 2511 quae
1084 2431 1238 2492 infra
1280 2433 1505 2511 scripta
1544 2439 1701 2512 sunt,
1750 2432 1853 2510 qui
1892 2431 2221 2492 remedium
2259 2482 2276 2489 -

109 2533 161 2575 2⁵
190 2528 551 2600 accepturus
598 2522 729 2581 erit.

370 2608 545 2669 Iecur
581 2607 708 2688 lupi
745 2607 1044 2669 sublatum
1080 2608 1219 2669 luna
1257 2608 1644 2669 decrescente
1680 2609 1744 2668 in
1784 2608 1945 2668 fumo
1975 2609 2220 2687 ponitur
2259 2621 2328 2671 24

191 2706 252 2759 et
300 2716 439 2758 cum
477 2699 763 2759 siccatum
801 2703 909 2777 est,
957 2699 1202 2776 teritur3
1248 2696 1387 2758 inde
1424 2695 1717 2775 particula
1757 2697 1897 2758 trita
1931 2698 2219 2758 miscetur

188 2786 426 2866 pulveri
480 2787 686 2865 aequis
741 2786 1118 2865 portionibus
1173 2785 1328 2848 facto
1379 2784 1453 2845 de
1501 2785 1671 2847 faeno
1718 2803 1959 2866 graeco,
2012 2785 2219 2864 lupino

189 2883 250 2937 et
298 2874 596 2936 absinthio
645 2882 704 2935 et
749 2882 933 2954 costo,
980 2877 1061 2936 ita
1099 2882 1167 2935 ut
1203 2893 1276 2934 ex
1315 2892 1404 2953 ec,
1451 2874 1611 2952 quod
1648 2876 1710 2934 in
1748 2892 1816 2935 se
1854 2880 2045 2935 totum
2081 2891 2219 2951 per-

107 2978 159 3019 so
185 2966 444 3026 mixtum
488 2965 690 3045 fuerit,
736 2982 1014 3025 mensura
1062 2962 1348 3024 coclearis
1394 2962 1681 3023 cumulati
1721 2962 1897 3024 detur
1934 2962 2007 3022 ad
2044 2961 2218 3039 diem,

187 3071 311 3114 non
355 3051 722 3114 febricitanti
768 3071 840 3113 ex
876 3054 1013 3114 vino
1053 3053 1255 3133 mixto,
1303 3053 1354 3112 si
1391 3049 1769 3133 febricitabit,
1817 3069 1888 3112 ex
1930 3069 2081 3131 aqua
2119 3053 2217 3135 ita,

157 3150 256 3204 ut
311 3160 423 3221 per
479 3141 745 3203 triduum
802 3141 915 3202 hoc
970 3140 1339 3202 medicamen
1394 3141 1631 3201 ieiunus
1682 3141 1932 3220 accipiat
1978 3149 2037 3202 et
2081 3159 2217 3219 por-

183 3238 355 3291 recto
412 3229 658 3292 brachio
713 3233 777 3290 in
833 3230 1041 3292 dextro
1098 3228 1283 3291 latere
1330 3228 1422 3290 vel
1476 3229 1772 3290 semihora
1816 3232 2031 3309 iaceat3
2078 3229 2215 3288 inde

186 3319 525 3393 diutissime
574 3318 910 3380 deambulet
955 3327 1016 3381 et
1060 3318 1398 3380 tardissime
1446 3317 1646 3380 cibum
1685 3325 1880 3379 sumat
1917 3325 1977 3378 et
2014 3315 2215 3377 obser-

367 3460 400 3508 2
441 3455 732 3524 oportune.
869 3470 906 3509 a
941 3455 1222 3510 vocabulis
1258 3453 1383 3510 dari
1420 3451 1591 3508 debet
1625 3451 1832 3507 desinit
1857 3451 2022 3506 codex
2048 3465 2216 3518 usque

184 3525 259 3580 ad
295 3524 500 3594 XXIII,
538 3530 608 3579 34
650 3524 725 3579 ad
760 3525 932 3594 pedes
968 3525 1084 3580 lien
1121 3524 1364 3581 decidat.
1584 3529 1613 3577 ’7
1654 3520 1955 3591 digestioni
1989 3521 2215 3589 scripsi.-

182 3596 564 3668 digestionem
603 3595 926 3652 Carnarius.
1072 3602 1106 3652 8
1140 3596 1347 3651 radicis
1387 3593 1706 3652 Commius.
1785 3679 1893 3733 15*
