2575 4092
269 1137 298 1185 1

1115 257 1589 322 —366-

335 419 465 491 Quo
521 420 908 482 medicamine
964 420 1315 498 refrigerato
1368 420 1457 480 uti
1503 419 1815 479 conveniet
1860 436 1968 496 pro
2018 415 2365 494 malagmate

339 508 430 569 vel
477 508 798 589 emplastro
845 507 918 568 ad
964 526 1050 588 ea,
1098 526 1247 587 quae
1298 525 1475 586 supra
1523 509 1745 587 scripta
1790 515 1946 569 sunt.

1119 701 1276 763 CAP.
1326 699 1581 761 XXXVI.

386 814 499 871 Au
549 787 919 883 podagram
976 814 1264 869 calidam
1320 817 1391 869 et.
1442 812 1759 881 frigidam
1818 814 1887 867 et
1942 811 2324 879 chiragram

582 902 884 958 remedia.
928 902 1210 972 physica.
1281 905 1351 958 et.
1384 899 1813 958 rationabilia.
1858 899 2127 956 diversa.

1034 992 1120 1046 de
1172 990 1671 1060 experimentis.

515 1125 839 1205 Podagram
893 1125 1040 1186 lenit
1095 1143 1381 1206 oesypum
1427 1144 1564 1187 cum
1610 1125 1761 1187 lacte
1805 1124 2073 1187 mulieris
2120 1130 2182 1184 et
2230 1142 2369 1184 cum

338 1215 579 1276 cerussa
636 1215 998 1294 adpositum3
1053 1214 1229 1275 fimus
1286 1232 1524 1294 quoque
1572 1213 1833 1275 bubulus
1879 1231 2092 1274 recens
2139 1211 2369 1274 calidus

338 1314 399 1365 et
453 1302 766 1383 pulmones
821 1301 1069 1380 pecudis
1136 1302 1313 1363 calidi
1376 1311 1652 1363 recentes
1717 1310 1779 1363 et
1837 1301 1915 1362 fel
1969 1303 2173 1363 arietis
2230 1319 2370 1362 cum
2395 1316 2420 1357 5

340 1409 477 1452 sevo
536 1409 643 1453 suo
700 1399 762 1451 et
808 1391 981 1451 fimus
1029 1390 1381 1470 gallinarum
1428 1409 1643 1452 recens
1689 1391 1996 1470 adpositus
2040 1389 2370 1469 plurimum

336 1482 500 1541 iuvat
551 1498 784 1541 necnon
841 1488 901 1540 et
956 1479 1191 1540 cocleae
1246 1479 1557 1541 Africanae
1614 1499 1751 1541 cum
1806 1497 1912 1539 sua
1967 1496 2148 1539 carne
2210 1497 2372 1539 com·

338 1568 547 1629 bustae
595 1571 865 1647 cinisque
915 1586 1119 1628 earum
1167 1586 1238 1628 ex
1286 1571 1425 1628 vino
1472 1567 1679 1629 inlitus
1725 1566 2015 1628 medetur.

518 1657 799 1718 Cerotum
855 1656 1168 1717 adversum
1226 1657 1444 1735 pedum
1492 1656 1727 1717 dolores
1773 1655 1887 1717 hoc
1933 1655 2109 1715 modo
2158 1656 2372 1716 facies:

339 1744 471 1806 Olei
506 1745 703 1824 pondo
741 1744 810 1825 11,
859 1744 1150 1805 medullae
1189 1747 1462 1806 cervinae
1501 1747 1708 1805 uncias
1747 1763 1868 1826 sex,
1905 1746 2140 1804 resinae
2178 1744 2371 1804 frixae
2397 1761 2448 1800 10

339 1836 545 1894 uncias
592 1852 713 1913 sex,
761 1832 960 1913 butyri
1007 1836 1241 1894 unciam
1288 1852 1486 1895 unam.
1555 1833 1714 1894 Haec
1752 1835 1976 1912 pariter
2013 1834 2076 1893 in
2114 1832 2372 1893 caccabo

340 1922 650 1983 solvuntur
689 1930 750 1982 et
786 1921 1075 2003 colantur,
1117 1929 1325 2001 postea
1364 1922 1584 1983 adicies
1621 1922 1730 1983 lini
1767 1922 2012 1982 seminis
2049 1920 2372 2002 heminam,

339 2011 496 2071 faeni
533 2013 729 2089 graeci
766 2010 1084 2089 heminam,
1131 2028 1282 2088 quae
1329 2013 1410 2071 ita
1447 2012 1672 2089 pariter
1709 2026 2066 2089 concoques,
2111 2018 2180 2070 ut
2218 2013 2370 2087 spis·

341 2117 474 2160 sum
521 2102 624 2179 sit;
671 2098 885 2159 deinde
932 2098 1155 2159 colabis
1202 2107 1262 2159 et
1301 2099 1374 2159 de
1413 2101 1544 2178 ipso
1583 2099 1773 2160 colato
1810 2100 1894 2159 ita
1931 2097 2183 2158 densum
2221 2105 2371 2159 tem-

339 2186 594 2267 perabiS,
642 2186 832 2247 donec
880 2185 1267 2265 emplastrum
1314 2188 1510 2248 facias,
2394 2201 2447 2242 15

517 2274 869 2335 Remedium
923 2278 1338 2354 paregoricum
1397 2276 1469 2336 ad
1529 2276 1849 2353 podagram
1905 2276 2018 2336 sic:
2085 2275 2371 2353 Cupressi

340 2363 516 2424 bacas
554 2362 774 2423 virides
814 2370 960 2441 quot
998 2362 1255 2424 volueris
1295 2364 1561 2444 decoque
1600 2382 1674 2424 ex
1712 2382 1862 2444 aqua
1896 2365 2144 2443 marina,
2178 2362 2369 2424 donec

339 2450 546 2512 molles
602 2451 772 2533 flant3
830 2451 1044 2511 deinde
1102 2452 1402 2513 contunde
1457 2456 1518 2513 in
1575 2452 1697 2531 pila
1748 2461 1810 2513 et
1854 2451 2108 2513 subinde
2154 2470 2371 2531 aquam

341 2538 627 2619 adsparge
683 2548 743 2600 et
802 2539 1075 2600 manibus
1137 2539 1374 2621 subige,
1439 2547 1506 2602 ut
1571 2551 1868 2619 tamquam
1923 2539 2209 2618 malagma
2267 2543 2370 2617 sit3

341 2628 478 2688 inde
525 2630 684 2688 inter
728 2630 895 2689 initia
944 2628 1166 2689 doloris
1212 2631 1470 2710 impone,
1523 2631 1720 2690 statim
1768 2628 2136 2707 mitigabitur
2182 2627 2367 2689 dolor.
2395 2642 2447 2683 so

517 2716 797 2795 Malagma
837 2716 1315 2778 efficacissimum
1353 2716 1426 2777 ad
1463 2716 1782 2796 podagram
1821 2719 1934 2778 sic:
1972 2716 2181 2778 Carnis
2209 2719 2372 2796 agni-

341 2824 449 2866 nae
496 2804 558 2867 P.
597 2804 688 2885 VI,
736 2807 1012 2884 caprinae
1050 2804 1113 2866 P.
1152 2805 1244 2888 Vl,
1293 2805 1547 2866 bubulae
1595 2805 1954 2867 masculinae
2001 2805 2199 2885 pondo
2247 2824 2404 2884 sex,.

340 2897 490 2973 picis
546 2894 804 2973 liquidae
852 2893 912 2953 P.
952 2892 999 2952 V
1055 2893 1148 2953 vel
1204 2896 1383 2954 etiam
1429 2893 1529 2974 Vl,
1586 2896 1730 2955 nitri
1775 2893 1837 2954 P.
1877 2892 2032 2974 VIII,
2087 2892 2369 2955 bacarum

340 2985 600 3061 iuniperi
636 2981 833 3060 pondo
874 3000 995 3062 sex,
1034 3000 1207 3042 cerae
1244 2981 1310 3043 P.
1341 2982 1564 3043 decem.
1625 2982 1784 3043 Haec
1822 2984 2019 3063 omnia
2057 3000 2370 3063 concerpe,

343 3070 659 3149 contunde,
708 3088 898 3149 coque
948 3079 1008 3130 et
1045 3088 1182 3130 cum
1219 3070 1513 3150 liquidum
1552 3072 1733 3132 fuerit
1769 3071 2155 3151 medicamen,
2201 3071 2368 3131 adice
2395 3084 2444 3125 25

344 3176 551 3238 cepam
616 3166 678 3219 et
742 3157 993 3219 subinde
1059 3161 1355 3237 permisce
1420 3168 1482 3220 et
1544 3159 1758 3220 deinde
1814 3158 2128 3237 galbanum
2184 3161 2370 3240 mitte,

345 3255 633 3327 quantum
663 3249 1067 3307 aestimaveris
1098 3248 1375 3308 sufficere
1404 3266 1598 3328 posse,
1627 3257 1690 3309 et
1717 3247 1966 3309 subinde
1993 3249 2165 3325 agita.
2206 3246 2369 3318 Quae

346 3354 482 3396 cum
529 3335 681 3396 bene
727 3336 1043 3415 liquefacta
1092 3343 1152 3396 et
1198 3338 1516 3397 commixta
1563 3336 1802 3417 fuerint,
1852 3334 2073 3396 adicies
2119 3335 2371 3416 sulphur

347 3433 407 3484 et
452 3426 677 3485 nitrum
726 3432 787 3484 et
831 3423 1007 3485 bacas
1054 3423 1205 3485 lauri
1252 3434 1558 3506 contusas;
1603 3424 1817 3486 deinde
1864 3441 2001 3485 cum
2047 3422 2202 3485 bene
2240 3442 2370 3504 per-

528 3618 559 3665 3
599 3611 895 3683 oesypum]
933 3613 1002 3680 cf.
1036 3612 1193 3668 Ptin.
1221 3630 1276 3668 n.
1304 3614 1356 3669 h.
1387 3619 1472 3682 30,
1503 3618 1586 3667 76.
