2575 4092
1029 167 1516 280 —2714

428 377 517 438 Ad
557 375 848 438 calculum
885 380 1049 456 potio
1088 378 1345 440 salubris
1384 380 1699 440 conficitur
1737 382 1850 442 sic:
1889 379 2106 441 Semen
2136 382 2270 461 apii,
2287 400 2385 450 135

250 467 527 548 libystici,
573 466 835 547 feniculi,
883 467 1084 528 anethi
1131 470 1336 548 aequis
1386 470 1682 529 mensuris
1735 471 1944 531 tritum
1990 471 2279 531 miscetur

250 565 309 617 et
355 555 576 617 herbae
626 556 952 635 saxifragae
999 575 1182 636 grana
1227 556 1303 638 V3
1360 559 1585 619 cumini
1630 576 1811 636 grana
1857 561 1997 639 tria,
2052 560 2278 638 piperis

249 663 431 725 grana
467 644 534 727 V,
579 645 874 706 verbenae
920 644 1058 707 folia
1104 648 1221 706 tria
1267 655 1327 708 et
1373 645 1511 707 salis
1557 646 1968 725 permodicum
2005 647 2275 709 adicitur.

196 753 221 794 5
249 734 338 794 Ex
368 732 646 794 omnibus
675 742 873 795 autem
902 734 1229 796 seminibus
1260 754 1441 814 supra
1471 737 1711 815 scriptis
1740 736 2062 814 aequaliter
2092 755 2274 816 quan·

248 831 378 884 tum
433 823 631 884 tribus
689 824 918 905 digitis,
971 824 1033 884 id
1093 832 1187 885 est
1238 824 1454 904 pollice
1511 832 1571 886 et
1617 823 1689 885 ab
1739 825 1948 885 eodem
1992 827 2169 887 tertio
2217 834 2276 887 et

248 919 480 993 quarto,
525 910 709 973 levari
753 919 970 992 potest,
1015 914 1291 995 mittitur,
1339 914 1552 974 deinde
1597 922 1878 975 teruntur
1916 916 2109 974 omnia
2148 914 2275 976 dili·

247 1009 485 1081 genter3
539 1005 745 1079 postea
792 1001 1049 1063 adicitur
1094 1005 1336 1063 caroeni
1381 1005 1591 1082 optimi
1634 1004 1800 1082 potio
1848 1002 2105 1081 grandis
2187 1003 2275 1064 Ad

245 1089 399 1151 hanc
457 1108 597 1151 sane
651 1092 957 1170 potionem
1013 1091 1374 1152 miscendam
1439 1093 1671 1153 radices
1730 1109 2150 1170 asparagorum
2216 1100 2276 1153 et
2347 1159 2358 1168 ,

106 1225 115 1232 .
168 1198 221 1238 10
249 1180 369 1258 apii
415 1187 475 1240 et
520 1179 723 1240 anethi
778 1189 837 1240 et
886 1179 1133 1240 feniculi
1178 1180 1332 1241 lotae
1381 1181 1830 1260 diligentissime
1877 1182 1939 1241 in
1986 1182 2275 1241 sextarios

247 1286 434 1347 aquae
472 1269 694 1329 nitidae
731 1270 1071 1348 mittuntur,
1107 1268 1189 1329 ita
1227 1279 1295 1331 ut
1332 1271 1563 1331 radices
1596 1272 1760 1349 ipsae
1789 1277 2068 1348 tegantur
2106 1288 2274 1350 aqua,

245 1365 427 1436 atque
484 1359 547 1417 in
602 1357 717 1417 olla
770 1358 910 1418 rudi
965 1365 1306 1438 coquuntur
1360 1358 1432 1419 ad
1489 1360 1713 1419 tertias,
1796 1357 1885 1418 Ex
1932 1361 2059 1437 ipsa
2107 1378 2274 1439 aqua,

246 1446 354 1506 sed
411 1445 599 1506 calida
652 1447 957 1508 miscenda
1010 1448 1174 1525 potio
1231 1450 1472 1508 caroeni
1522 1457 1582 1508 et
1628 1447 1971 1525 accipienda
2016 1466 2125 1526 per
2169 1449 2273 1508 tri-

196 1563 211 1574 ·
246 1535 460 1615 duum,
517 1535 823 1597 sufficiunt
874 1542 1071 1597 autem
1120 1536 1237 1597 duo
1283 1536 1463 1598 huius
1509 1554 1694 1616 aquae
1743 1538 1986 1596 sextarii
2031 1536 2103 1596 ad
2151 1544 2274 1597 tres

165 1644 216 1684 15
246 1625 490 1685 caroeni
533 1624 891 1685 maiusculas
938 1625 1227 1704 potiones,
1315 1625 1430 1686 Sed
1480 1627 1533 1686 si
1578 1626 1905 1685 necessitas
1941 1626 2273 1703 praesentis

246 1712 470 1774 doloris
511 1716 792 1795 exegerit,
830 1732 940 1793 per
977 1714 1242 1775 triduum
1282 1716 1635 1775 continuum
1672 1712 1996 1794 dabuntur3
2045 1715 2096 1773 si
2133 1732 2272 1774 vero

244 1804 380 1881 quis
436 1804 643 1863 timeat
697 1803 1106 1864 tantummodo
1163 1803 1400 1863 dolores
1456 1821 1634 1881 supra
1694 1803 1950 1880 scriptos
2016 1812 2116 1863 aut
2171 1802 2272 1863 ali·

245 1890 483 1970 quando
529 1892 869 1972 pertulerit,
924 1894 1175 1970 accipiet
1231 1895 1409 1954 etiam
1466 1911 1645 1953 sanus
1690 1891 1805 1952 hoc
1852 1891 2024 1951 modo
2071 1899 2272 1952 vetere

241 1979 384 2041 luna
448 1989 574 2041 tres
638 1988 868 2042 tantum
934 1980 1128 2042 tribus
1193 1981 1499 2042 mensibus
1566 1979 1827 2060 singulas
1883 1982 2156 2059 potiones
2214 1988 2273 2042 et

159 2089 211 2129 20
240 2071 466 2148 iugiter
514 2078 718 2131 contra
764 2070 926 2132 hunc
972 2069 1248 2131 morbum
1296 2073 1412 2131 erit
1457 2078 1624 2132 tutus
1672 2077 1731 2131 et
1778 2087 1975 2130 sanus

1042 2266 1198 2328 CAP.
1248 2225 1506 2327 xxvus

240 2375 531 2445 cyliaois
577 2379 648 2432 et
693 2376 1119 2446 dysintericis
1165 2381 1236 2434 et
1278 2378 1670 2434 torminosis
1717 2380 1788 2433 et
1828 2378 1915 2433 ad
1953 2376 2272 2433 intestina

236 2468 448 2535 rupta
503 2467 572 2522 et
631 2467 720 2522 ad
774 2466 1078 2523 internos
1133 2468 1410 2523 morbos
1460 2470 1667 2537 atque
1714 2465 2271 2522 incontinentiam

316 2553 637 2611 stercoris
682 2556 981 2611 remedia.
1025 2556 1308 2625 physica
1352 2558 1421 2610 et
1466 2554 1890 2632 rationabilia.
1936 2554 2200 2610 diversa.

952 2646 1037 2700 de
1084 2643 1560 2714 expermentis.

420 2780 698 2842 Pastillus
756 2782 829 2842 ad
887 2782 1175 2843 coeliacos
1233 2791 1294 2843 et
1343 2783 1704 2843 torminosos
1750 2781 1972 2859 optime
2018 2780 2268 2841 faciens:
2310 2801 2335 2848 1

236 2870 511 2950 Acaciae,
547 2869 816 2949 balausti,
854 2872 913 2932 id
954 2879 1045 2932 est
1083 2870 1221 2931 mali
1258 2872 1505 2950 granati,
1545 2870 1704 2951 quod
1742 2872 1976 2949 cytinus
2010 2875 2268 2948 vocatur,

237 2976 507 3040 germen,
553 2966 870 3039 antequam
912 2959 1204 3037 florescat,
1250 2959 1674 3039 hypocistidoS,
1721 2960 1859 3037 opii,
1898 2955 2266 3036 singulorum

237 3048 520 3116 denarios
567 3050 807 3129 quinos,
854 3048 1087 3128 alterci,
1133 3057 1331 3110 cretae
1381 3048 1630 3129 Samiae,
1677 3047 2045 3127 singulorum
2093 3046 2268 3107 dena·

151 3155 206 3196 25
235 3138 366 3198 rios
413 3154 608 3198 senoS.
668 3136 775 3197 His
821 3136 973 3198 bene
1021 3140 1214 3199 tunsis
1253 3145 1314 3198 et
1351 3139 1530 3198 cretis
1570 3156 1642 3198 ex
1681 3138 1814 3198 vino
1852 3144 2080 3216 myrteo
2119 3137 2269 3196 fiunt

422 3313 454 3361 2
493 3306 745 3363 libistioi.
841 3314 872 3363 3
912 3325 1088 3377 grana
1125 3308 1201 3380 V]
1239 3307 1481 3379 granati.
1592 3308 1727 3378 tria]
1768 3310 1897 3362 tres.
1987 3310 2018 3358 8
2059 3305 2265 3374 caryni.

238 3385 308 3434 13
347 3378 556 3447 caryni.
707 3384 773 3434 14
811 3378 1178 3434 sufficiuntur.
1328 3385 1392 3434 15
1434 3379 1644 3449 caryni.

419 3452 538 3505 tit..·
572 3449 840 3506 internus.

419 3526 487 3575 m
528 3520 782 3594 celiacos.
938 3527 1006 3576 22
1045 3520 1268 3590 cytinus
1307 3521 1507 3591 scripsi
1515 3544 1532 3576 .-
1571 3522 1840 3588 cytinum.
1984 3525 2051 3573 23
2089 3518 2265 3588 hypo-

236 3592 507 3664 cystidos.
653 3598 724 3648 24
761 3593 1117 3649 denariorum
1154 3595 1300 3664 (bis).
1445 3592 1661 3646 samito.
