2575 4092
1140 224 1618 288 -110—

1912 339 1925 360 .

366 386 628 467 inlitum,
684 386 918 447 cocleae
973 388 1263 447 contritae
1321 393 1382 446 et
1435 386 1617 445 fronti
1671 385 1873 446 inlitae
1932 385 2206 448 similiter
2262 404 2391 465 pro·

260 486 327 535 25
369 482 525 535 sunt.
599 475 817 535 Aranei
862 475 977 535 tela
1024 477 1181 535 sicca
1228 474 1494 554 adposita
1541 474 1818 535 subvenit
1856 477 2088 535 narium
2127 477 2427 536 cruentis·

365 563 674 644 fluoribuS,
722 582 794 624 ex
840 564 1094 625 ferventi
1140 582 1292 643 aqua
1338 581 1520 641 vapor
1567 563 1811 624 naribus
1853 571 2083 624 tractus
2120 563 2392 625 medetur

258 663 325 712 26
365 671 568 713 earum
617 653 925 731 gravidini.
1016 652 1337 713 Gallinacei
1383 652 1699 713 cerebrum
1749 651 1839 712 vel
1886 655 2126 731 sanguis
2173 651 2391 713 colum-

364 740 540 802 binus
597 740 672 801 ob
723 741 784 802 id
833 750 1103 802 servatus
1149 742 1533 820 remedioque
1581 741 1880 802 adbibitus
1927 741 2173 802 naribus
2217 741 2390 820 prod·
2422 757 2451 798 5

364 837 481 911 est,
540 830 645 890 sed
702 833 753 891 si
808 849 877 890 ex
927 829 1172 891 vulnere
1218 831 1531 892 immodice
1577 831 1722 890 fluat
1769 832 2027 910 sanguiS,
2078 832 2253 891 fimus
2300 850 2390 890 ca-

255 929 323 977 27
362 918 618 980 ballinus
665 919 960 998 quomodo
1008 921 1276 997 egeritur
1330 919 1636 999 adpositus
1685 920 1884 979 statim
1931 919 2224 980 subvenit.
2303 919 2389 979 De

257 1018 323 1066 28
361 1027 541 1088 porro
589 1010 811 1068 sectivo
860 1010 1001 1068 trito
1051 1026 1226 1068 nares
1272 1008 1527 1068 fluentes
1577 1016 1737 1069 recte
1786 1008 2183 1094 obturantur.¹
2232 1008 2390 1068 Lana

363 1097 567 1157 sucida
615 1098 869 1157 coicitur
914 1098 976 1156 in
1023 1115 1201 1156 nares
1247 1115 1383 1157 cum
1428 1096 1556 1156 oleo
1597 1115 1844 1157 rosaceo
1883 1105 1942 1157 et
1980 1096 2278 1157 auriculae
2318 1096 2393 1157 de

361 1185 492 1246 lana
541 1185 745 1245 sucida
794 1185 1150 1246 obturantur
1197 1196 1257 1246 et
1294 1188 1374 1245 ita
1414 1188 1653 1263 sanguis
1691 1185 1995 1265 profluens
2033 1188 2389 1246 continetur.
2425 1203 2479 1242 ιο

256 1284 322 1333 29
362 1274 690 1353 Coagulum
735 1276 1016 1353 agninum
1064 1293 1136 1334 ex
1182 1289 1334 1353 aqua
1382 1274 1696 1335 subactum
1742 1282 1802 1335 et
1844 1276 2108 1335 infusum
2146 1274 2391 1335 naribus

255 1373 323 1422 30
362 1362 687 1423 fluentibus
733 1365 883 1424 mire
932 1363 1190 1442 prodest.
1264 1363 1465 1441 Adeps
1511 1363 1583 1423 de
1632 1363 1945 1424 anseribus
1992 1382 2128 1424 cum
2174 1363 2389 1443 butyro

255 1463 320 1511 31
361 1454 495 1531 pari
540 1451 803 1530 pondere
851 1451 1085 1512 infusus
1131 1452 1490 1530 profluvium
1537 1455 1772 1513 narium
1819 1454 1992 1513 sistit.
2068 1452 2252 1512 Terra
2301 1453 2390 1513 vel

362 1540 566 1619 argilla
612 1540 685 1600 de
733 1543 963 1601 camino
1011 1541 1103 1601 vel
1148 1541 1220 1602 de
1259 1541 1437 1601 furno
1475 1543 1719 1620 antiquo
1759 1543 1977 1601 teritur
2015 1549 2075 1602 et
2111 1560 2182 1602 ex
2222 1550 2390 1602 aceto

360 1628 733 1709 temporibus
791 1637 851 1690 et
911 1629 1187 1710 cerebr0‚
1242 1629 1488 1690 naribus
1544 1649 1782 1709 quoque
1837 1629 2110 1691 inlinitur
2155 1629 2245 1689 vel
2302 1633 2390 1690 in·
2424 1645 2475 1686 ιε

254 1729 321 1778 32
361 1718 649 1799 funditur,
692 1737 843 1797 quae
882 1737 981 1778 res
1008 1718 1404 1797 profluentem
1439 1721 1620 1779 nimie
1650 1721 1999 1798 sanguinem
2038 1721 2211 1781 sistit.
2267 1719 2392 1779 Tus

361 1816 422 1867 et
459 1810 656 1868 resina
693 1812 754 1867 in
795 1807 1043 1867 farinam
1081 1807 1319 1868 redacta
1358 1807 1602 1868 naribus
1648 1808 1954 1888 induntur,
2004 1808 2162 1887 quod
2200 1826 2392 1868 reme·

254 1907 321 1954 33
361 1896 524 1956 dium
573 1899 750 1957 etiam
791 1915 863 1956 ex
901 1904 1379 1957 ore-manantem
1420 1898 1767 1974 sanguinem
1807 1896 2060 1957 cohibet.
2134 1896 2217 1956 De
2258 1915 2392 1957 san·

359 1987 539 2063 guine
585 1988 716 2064 ipso
765 1987 868 2063 qui
913 1986 1045 2046 fluit
1089 2004 1310 2045 nomen
1356 1988 1485 2046 eius
1532 1987 1594 2045 in
1633 1985 1827 2045 fronte
1866 1985 2080 2066 scribe,
2127 1988 2224 2045 cui
2269 2005 2391 2046 me-

359 2072 617 2134 dendum
675 2081 793 2153 est,
857 2073 1171 2134 adversum
1233 2074 1589 2153 profluvium
1646 2076 1912 2154 narium,
1986 2076 2184 2134 statim
2251 2074 2391 2135 sub·
2419 2090 2474 2130 so

252 2171 322 2220 34
359 2165 576 2222 venies,
625 2161 866 2221 Scribes
897 2179 1136 2222 carmen
1161 2163 1271 2223 hoc
1302 2165 1364 2223 in
1394 2163 1597 2223 charta
1621 2164 1850 2241 virgine
1880 2171 1940 2223 et
1968 2163 2151 2224 linteo
2180 2162 2393 2243 ligabis

360 2256 420 2309 et
475 2250 737 2310 medium
793 2251 998 2327 cinges
1054 2269 1191 2311 eum
1250 2252 1341 2311 vel
1400 2270 1763 2330 eam‚=quae
1821 2254 2078 2330 patietur
2124 2252 2199 2312 de
2247 2271 2388 2331 qua-

361 2338 506 2398 libet
551 2347 720 2417 parte
767 2341 1037 2418 corporis
1085 2343 1393 2418 sanguinis
1440 2341 1691 2401 fluxum:
1749 2342 1873 2419 sicy
1919 2359 2089 2401 cuma
2138 2359 2394 2401 cucuma

251 2438 319 2487 35
359 2445 573 2488 ucuma
607 2445 779 2487 cuma
805 2445 941 2488 uma
973 2446 1119 2488 maa.
1176 2429 1324 2489 Item
1355 2448 1596 2489 carmen
1624 2428 1737 2489 hoc
1767 2429 1912 2490 utile
1940 2429 2232 2507 profluvio
2262 2448 2394 2490 mu-

358 2515 557 2577 liebri:
606 2515 894 2595 Stupidus
929 2519 993 2577 in
1031 2527 1231 2577 monte
1269 2518 1409 2597 ibat,
1458 2518 1732 2597 stupidus
1771 2520 2027 2597 stupuit3
2080 2518 2290 2578 adiuro
2334 2528 2393 2579 te
2421 2527 2474 2567 25

358 2607 598 2683 matrix,
655 2623 730 2665 ne
777 2605 890 2666 hoc
937 2606 1223 2666 iracunda
1271 2609 1590 2687 suscipias;
1645 2609 1772 2685 pari
1820 2608 2048 2667 ratione
2097 2609 2397 2686 scriptum

251 2704 319 2753 36
358 2692 586 2771 ligabis.
677 2694 932 2772 Myrram
986 2712 1121 2754 cum
1179 2695 1364 2754 nardo
1421 2714 1573 2773 puro
1630 2702 1873 2755 contere
1924 2703 1983 2756 et
2029 2695 2165 2755 inde
2212 2714 2396 2757 nares

358 2789 532 2860 tange
589 2799 760 2842 mane
817 2790 876 2842 et
922 2800 1193 2862 vespera,
1251 2783 1569 2845 subvenies
1626 2786 1900 2862 sanguini
1956 2785 2207 2845 nimium
2254 2804 2394 2864 pro-

251 2882 317 2930 37
357 2872 582 2932 fluenti.
630 2870 851 2931 Verum
879 2871 1134 2931 ferream
1162 2872 1514 2933 candentem
1544 2875 1605 2932 in
1635 2881 1801 2933 aceto
1831 2872 2075 2933 adsidue
2106 2876 2394 2951 extingue

251 2971 319 3019 38
358 2968 420 3020 et
466 2960 694 3020 furnum
737 2962 866 3019 eius
913 2960 1157 3020 naribus
1205 2961 1426 3021 ducito.
1502 2961 1655 3021 Ruta
1702 2964 1939 3040 saepius
1984 2960 2258 3023 olfactata
2299 2962 2476 3022 volso

359 3049 497 3108 trita
543 3047 706 3109 inlita
756 3052 1103 3127 sanguinem
1151 3068 1222 3110 ex
1269 3050 1515 3111 naribus
1562 3052 1739 3111 nimis
1781 3050 2062 3110 fluentem
2101 3051 2392 3112 retundit.

249 3148 317 3196 39
356 3136 544 3196 Radix
601 3139 827 3197 urticae
885 3140 1064 3216 capiti
1124 3140 1406 3218 inposita,
1463 3141 1512 3198 si
1563 3138 1837 3200 manibus
1885 3141 2155 3217 utrisque
2205 3158 2396 3219 supra

358 3233 537 3303 caput
582 3228 976 3306 contineatur,
1026 3229 1174 3286 mire
1222 3227 1469 3304 prodest
1514 3227 1828 3287 adversum
1875 3226 2232 3307 profluvium
2284 3248 2393 3289 na-

249 3325 318 3375 40
355 3316 529 3374 rium.
597 3313 828 3374 Herbae
872 3314 1151 3394 polygoni
1198 3334 1415 3376 corona
1455 3318 1634 3396 capiti
1670 3318 1926 3396 inposita
1964 3316 2211 3378 naribus
2249 3336 2393 3397 pro-

504 3457 565 3503 13
604 3450 728 3519 pari
764 3466 865 3505 om.
1067 3455 1135 3503 14
1170 3449 1368 3521 argila.
1549 3456 1616 3505 17
1654 3450 1923 3507 induitur.
2077 3457 2146 3506 25
2186 3451 2394 3508 adiuro

354 3522 437 3592 te]
476 3520 747 3575 adiurata.
884 3527 953 3576 26
991 3521 1197 3575 matrix
1231 3523 1458 3591 scripsi.-
1504 3523 1716 3579 matris
1854 3529 1922 3578 29
1969 3540 2104 3577 veru
2139 3522 2396 3579 ferreum

356 3592 599 3646 candens
640 3592 960 3648 Commius.
1105 3598 1175 3647 30
1213 3593 1534 3649 olefactata.
