2575 4092
1028 208 1595 310 '—178—

334 413 702 472 misceantur
739 409 935 469 omnia
973 407 1291 486 diligenter
1328 408 1628 486 mixtaque
1661 409 2034 486 coagitentur
2064 406 2136 467 ad
2166 406 2372 467 focum

337 509 396 560 et
444 498 789 577 refrigerata
837 499 900 557 in
938 496 1095 557 dolio
1135 498 1323 557 vitreo
1362 504 1745 575 reponantur,
1784 495 2003 575 quibus
2039 514 2178 557 cum
2217 513 2375 576 opus

336 589 520 649 fuerit
566 588 756 648 ceroti
801 603 967 646 more
1015 587 1218 646 uteris.

264 689 297 737 3
515 675 779 737 Cervicis
835 674 1004 735 dolor
1049 672 1391 735 inflexibilis
1398 720 1417 754 ,
1470 691 1649 752 quem
1685 673 2109 753 opisthotonon
2155 671 2374 733 Graeci

335 775 565 844 vocant,
610 763 838 825 levatur
880 765 1053 824 urina
1092 780 1306 843 caprae
1343 761 1588 824 auribus
1625 763 1819 824 infusa
1858 770 1961 823 aut
1998 760 2180 822 bulbo
2217 763 2368 822 trito
2396 779 2425 820 5

336 872 472 915 cum
519 853 657 914 fimo
706 852 971 915 eiusdem
1020 870 1230 932 caprae
1278 852 1500 912 cervici
1550 850 1749 931 inlit03
1805 851 1909 912 sed
1966 850 2114 911 nihil
2160 849 2375 911 utilius

337 951 431 1003 est
475 942 907 1004 medicamento
955 941 1050 1001 dia
1097 948 1329 1001 steaton
1376 939 1450 1000 de
1497 940 1668 1020 adipe
1714 940 1947 1001 diversa
1993 939 2166 1019 facto,
2209 938 2371 1017 quod

267 1042 302 1089 4
342 1049 521 1112 supra
570 1033 860 1109 scriptum
908 1037 1016 1090 est.
1091 1028 1178 1089 Ad
1227 1030 1529 1089 cervicum
1575 1029 1812 1090 dolores
1857 1028 2188 1089 remedium
2224 1027 2374 1107 phy-

341 1123 531 1181 sicum
570 1121 683 1180 sic:
720 1118 964 1179 Ieiunus
1002 1118 1269 1179 dextram
1308 1135 1547 1178 manum
1578 1117 1757 1178 saliva
1793 1125 1969 1197 tange
2009 1125 2067 1178 et
2094 1116 2374 1177 dextrum

340 1207 625 1287 poplitem
672 1207 954 1286 perfrica,
1011 1206 1226 1267 deinde
1278 1208 1520 1268 sinistra
1566 1225 1744 1267 manu
1791 1208 2101 1267 sinistrum
2148 1211 2208 1265 et
2254 1204 2373 1265 hoc
2402 1224 2462 1263 ιο

269 1308 304 1356 5
341 1304 434 1358 ter
470 1314 580 1375 per
617 1294 883 1374 singulos
920 1295 1179 1375 poplites
1215 1295 1414 1376 facito,
1460 1291 1661 1356 statim
1698 1294 2074 1356 remediabis.
2145 1293 2375 1373 Butyro

268 1397 300 1446 6
339 1394 400 1447 et
432 1385 604 1464 adipe
634 1386 839 1445 ursina
866 1390 1191 1462 perunctae
1222 1385 1487 1445 cervices
1520 1386 1718 1445 statim
1748 1382 2132 1445 sanabuntur.
2184 1382 2373 1443 Cerae

342 1472 637 1556 selibram,
672 1472 789 1533 olei
816 1475 1048 1552 cyprini
1076 1471 1372 1552 selibram,
1401 1471 1683 1534 absinthii
1710 1472 1918 1533 viridis
1948 1473 2184 1533 contusi
2216 1504 2293 1514 —-
2321 1470 2373 1530 ΙΙ

341 1561 519 1624 simul
565 1563 637 1623 ad
684 1565 883 1640 ignem
928 1563 1223 1640 permisce
1279 1569 1340 1622 et
1395 1580 1504 1640 pro
1561 1569 1763 1623 ceroto
1822 1568 1992 1623 utere
2043 1561 2114 1621 ad
2161 1578 2373 1620 omnes

270 1663 300 1710 7
340 1654 639 1714 cervicum
687 1650 938 1711 dolores,
1013 1650 1196 1730 Rigor
1234 1652 1485 1711 cervicis
1522 1651 1694 1729 adipe
1731 1651 2004 1711 anserina
2041 1650 2134 1710 vel
2168 1650 2374 1728 potius
2401 1665 2460 1707 15

269 1751 301 1800 8
341 1743 553 1820 gruina
598 1747 927 1819 perunctus
967 1739 1335 1800 velocissime
1373 1734 1690 1800 mollietur.
1761 1739 1887 1800 Fici
1925 1738 2061 1799 folia
2098 1747 2160 1798 et
2195 1755 2371 1816 poma

341 1830 608 1890 eiusdem
655 1830 953 1888 inmatura
998 1829 1255 1889 contrita
1303 1836 1363 1888 et
1406 1829 1665 1907 inposita
1716 1829 1934 1889 cervici
1991 1826 2373 1889 subveniunt.

267 1929 300 1977 9
517 1916 850 1978 Nervorum
896 1917 1161 1978 omnium
1209 1918 1395 1995 rigori
1440 1923 1500 1976 et
1545 1915 2033 1996 perfrictionibus
2072 1918 2191 1977 cito
2231 1915 2371 1977 sub·

338 2009 576 2068 venitur
620 2006 968 2084 malagmate
1014 2005 1143 2066 tali:
1199 2003 1331 2065 Olei
1376 2005 1591 2066 laurini
1637 2005 1700 2067 P.
1739 2006 1783 2086 Ι,
1829 2007 2063 2066 resinae
2108 2003 2370 2065 terebin-

341 2096 539 2156 thinae
595 2093 657 2155 Ρ.
713 2094 756 2175 Ι,
819 2095 971 2172 picis
1035 2093 1295 2172 liquidae
1348 2093 1411 2154 P.
1467 2092 1518 2173 Ι,
1587 2096 1873 2172 axungiae
1929 2097 2147 2155 veteris
2204 2092 2265 2154 P.
2323 2093 2369 2153 Ι.
2398 2110 2461 2151 so

340 2182 615 2243 Decoctis
663 2189 723 2242 et
767 2183 1079 2259 permixtis
1129 2200 1244 2242 una
1291 2182 1385 2242 his
1433 2182 1748 2263 speciebus
1793 2185 1964 2243 nervi
2005 2185 2269 2262 rigentes
2309 2190 2372 2243 et

342 2271 554 2331 offensi
600 2268 918 2330 salubriter
965 2269 1380 2349 perfricantur.

237 2372 303 2421 10
519 2356 988 2437 opisthotonicis
1035 2367 1095 2419 et
1137 2360 1411 2420 tetanicis
1448 2359 1658 2420 lotium
1696 2363 2006 2440 caprinum
2042 2377 2178 2420 cum
2218 2376 2375 2438 aqua

237 2460 300 2509 11
341 2449 593 2509 mixtum
621 2447 945 2508 efficaciter
971 2447 1232 2527 prodest,
1272 2450 1325 2508 si
1356 2450 1574 2509 ieiunis
1602 2451 1770 2528 potui
1798 2449 1990 2510 detur.
2057 2448 2374 2508 Summum

341 2536 797 2616 opisthotonicis
835 2543 895 2597 et
932 2536 1258 2597 arthriticis
1298 2537 1626 2598 remedium
1665 2546 1725 2599 et
1763 2538 1966 2599 multis
1993 2539 2370 2615 experimen·
2399 2553 2458 2595 25

340 2627 418 2686 tis
465 2624 781 2705 probatum
828 2626 1145 2686 conficitur
1191 2627 1305 2687 sic:
1370 2624 1663 2705 Castorei,
1707 2628 1935 2706 piperis
1981 2624 2123 2705 albi,
2169 2633 2371 2704 petro·

342 2714 514 2775 selini
561 2713 835 2792 aequales
881 2716 1188 2794 portiones
1236 2715 1414 2775 simul
1461 2715 1677 2776 tundes
1734 2719 1794 2775 et
1848 2713 2141 2776 cribrabis
2188 2722 2372 2793 atque

340 2802 478 2864 inde
536 2801 801 2863 cocleare
859 2820 1046 2863 unum
1103 2821 1239 2863 cum
1305 2822 1425 2864 uno
1482 2802 1736 2864 cocleari
1798 2804 1991 2864 mellis
2055 2810 2116 2863 et
2179 2821 2372 2882 aquae

343 2891 563 2952 calidae
612 2891 836 2970 cyathis
884 2890 1117 2952 duobus
1161 2892 1364 2952 ieiuno
1412 2891 1491 2953 ad
1532 2892 1690 2953 diem
1738 2891 1922 2953 dabis,

239 2992 303 3041 12
523 2979 736 3040 Farina
790 2978 895 3040 lini
951 2982 1193 3041 seminis
1248 2980 1448 3041 addito
1505 2983 1664 3041 nitro
1730 2999 1803 3042 ex
1861 2983 1998 3041 vino
2054 2980 2243 3042 calido
2307 2983 2373 3042 in
2403 2999 2463 3039 so

341 3067 583 3130 modum
630 3066 996 3146 malagmatis
1041 3076 1409 3148 temperatur
1460 3076 1520 3131 et
1564 3072 1872 3150 inponitur
1918 3071 2220 3130 cervicum
2265 3068 2373 3129 do-

237 3170 303 3218 13
341 3156 473 3238 lori,
512 3158 710 3217 statim
748 3156 1036 3218 medetur.
1102 3157 1316 3218 Farina
1354 3177 1590 3238 quoque
1627 3158 1837 3219 hordei
1874 3177 2011 3219 cum
2050 3158 2165 3219 ficu
2205 3158 2374 3219 arida

238 3258 306 3306 14
344 3255 520 3307 tunsa
576 3247 865 3324 permixta
921 3254 980 3306 et
1034 3248 1292 3325 inposita
1346 3247 1502 3308 idem
1566 3255 1841 3325 praestat.
1933 3245 2241 3308 Lenticula
2306 3248 2372 3307 in

344 3344 510 3397 aceto
550 3334 813 3396 discocta
850 3333 1182 3395 cervicibus
1223 3336 1585 3414 malagmatis
1623 3354 1788 3397 more
1825 3336 2092 3416 adposita
2128 3335 2372 3397 dolores

239 3434 304 3484 15
344 3442 548 3485 earum
604 3425 851 3502 mitigat.
943 3422 1028 3483 Ad
1088 3425 1389 3484 cervicum
1446 3432 1710 3486 tumores
1766 3425 2058 3485 sedandos
2118 3443 2373 3486 ovorum
2401 3442 2462 3484 35

342 3512 527 3574 vitelli
582 3515 734 3574 cocti
792 3530 929 3573 cum
984 3511 1155 3592 adipe
1211 3515 1484 3575 anserina
1538 3512 1895 3595 inliniuntur
1941 3513 2075 3575 felle
2121 3516 2371 3593 caprino

345 3604 551 3679 aequis
597 3601 962 3680 ponderibus
1009 3603 1304 3680 permixto
1351 3610 1529 3681 atque
1574 3602 1714 3664 inde
1756 3605 2019 3665 cervices
2056 3602 2371 3666 fricantur.
