2575 4092
223 587 290 638 89

223 854 293 904 90

224 1120 291 1170 91

223 1298 292 1348 92

224 1743 292 1793 93

223 1920 294 1969 94

224 2451 292 2501 95

222 2719 291 2768 96

224 2986 291 3035 97

224 3075 294 3124 98

226 3253 294 3302 99

1132 235 1562 298 ...74-

329 402 654 462 ferventem
702 400 959 459 mittitur
1006 405 1183 477 atque
1235 396 1355 457 illic
1394 398 1765 478 excoquitur,
1812 395 2000 458 donec
2040 396 2192 458 cinis
2233 395 2368 478 fiat3

327 490 442 551 hoc
490 489 563 550 de
605 489 1012 568 experimento
1061 486 1388 567 ypochyses
1428 485 1828 565 caliginesque
1866 495 2145 565 potenter
2183 495 2366 566 atque

328 578 578 640 mirifice
614 585 847 657 purgat.
922 574 1295 653 Anagallidos
1332 572 1553 635 herbae
1590 573 1700 635 flos
1728 593 2069 655 purpureus
2098 574 2169 636 ad
2201 594 2367 637 men-

330 686 529 730 suram
586 666 896 727 obolorum
951 666 1136 726 trium
1193 663 1511 743 diligenter
1565 665 1745 724 tritus
1801 674 1861 724 et
1916 681 2053 725 cum
2109 665 2367 743 pausillo

329 759 451 817 vini
496 758 716 817 veteris
762 756 985 815 mixtus
1032 754 1368 815 inunctioni
1414 752 1789 831 caligantium
1838 752 2148 814 oculorum
2185 755 2365 815 mira-
2395 773 2426 816 ⁵

333 845 533 907 biliter
579 844 839 924 prodest.
921 842 1202 903 Lacertas
1248 844 1533 922 pisinnas,
1579 859 1731 920 quae
1777 843 1840 901 in
1889 842 2191 921 segetibus
2237 861 2363 903 mo-

332 942 559 1013 rantur,
608 951 754 1013 quas
792 931 1002 992 Graeci
1044 949 1254 992 aruras
1294 937 1520 1011 vocant,
1568 929 1882 991 conburito
1930 941 1990 991 et
2026 931 2098 991 ad
2139 934 2364 993 tenuis-

333 1025 548 1083 simum
595 1020 899 1101 pulverem
948 1019 1201 1099 redigito
1248 1027 1426 1099 atque
1473 1037 1545 1079 ex
1594 1037 1664 1079 eo
1702 1036 1837 1079 cum
1877 1021 2014 1079 vino
2051 1028 2153 1081 aut
2190 1020 2365 1081 melle

331 1114 552 1190 optimo
593 1109 913 1188 caligantes
942 1108 1146 1170 oculos
1175 1109 1415 1187 inunge,
1457 1106 1621 1168 valde
1651 1107 1936 1186 proderit.
1997 1108 2364 1170 Centaureae

331 1201 578 1260 minoris
625 1216 767 1259 suco
816 1197 974 1258 oculi
1019 1216 1089 1258 ex
1140 1196 1311 1258 melle
1359 1199 1590 1257 inuncti
1635 1196 1885 1275 caligine
1933 1199 2052 1257 cito
2095 1197 2365 1276 deposita
2396 1221 2459 1262 10

330 1289 738 1350 tenuissimam
805 1288 990 1347 aciem
1048 1293 1378 1347 resumunt.
1471 1284 1741 1346 Feniculi
1796 1286 2012 1348 radicis
2077 1295 2364 1348 contusae

332 1396 476 1438 suco
544 1376 892 1437 tantundem
959 1374 1151 1435 mellis
1206 1375 1417 1453 optimi
1482 1374 1816 1452 despumati
1892 1377 2117 1435 utinam
2181 1374 2366 1437 Attici

329 1468 577 1527 misceto
635 1483 821 1544 eaque
876 1464 1038 1524 lento
1095 1465 1231 1542 igne
1287 1462 1358 1523 ad
1416 1463 1610 1523 mellis
1665 1462 2123 1524 crassitudinem
2171 1464 2363 1525 disco·

331 1557 497 1635 quito
544 1557 923 1634 repositaque
965 1553 1027 1613 in
1075 1551 1290 1633 pyxide
1339 1553 1516 1612 etiam
1562 1570 1734 1612 aerea
1780 1552 2022 1633 habet03
2069 1570 2206 1614 cum
2244 1555 2364 1614 erit

331 1663 505 1725 opus,
563 1662 700 1705 cum
756 1661 906 1722 aqua
963 1643 1285 1703 cisternina
1342 1648 1443 1701 aut
1497 1639 1779 1701 muliebri
1832 1641 1982 1702 lacte
2028 1644 2365 1723 inunguito,
2396 1664 2458 1705 15

330 1736 600 1812 quamvis
655 1750 889 1793 crassas
940 1731 1220 1810 caligines
1266 1730 1386 1790 cito
1435 1728 1737 1790 discuties.
1830 1728 2099 1792 Feniculi
2146 1731 2365 1793 radicis

331 1820 610 1882 decoctae
647 1840 798 1901 3003
837 1820 1042 1881 000105
1080 1818 1325 1880 adsidue
1365 1818 1578 1899 foveto,
1621 1820 1739 1879 cito
1777 1837 2010 1879 omnem
2051 1818 2367 1898 caliginem

331 1910 519 1971 tolles.
594 1908 1063 1988 Caliginantibus
1100 1907 1292 1969 oculis
1336 1909 1497 1968 visus
1526 1909 1758 1967 acutior
1786 1911 2139 1969 restituetur
2168 1927 2364 1988 neque

330 1999 499 2061 facile
546 2001 608 2059 in
663 1998 777 2059 hoc
825 2000 1031 2058 vitium
1076 1996 1319 2075 incidet,
1366 1998 1472 2075 qui
1519 2013 1665 2057 usus
1712 1996 1893 2057 fuerit
1938 1996 2203 2058 remedio
2244 1997 2364 2081 tali,

330 2095 397 2148 ut
444 2095 797 2148 centaureae
846 2084 1210 2163 manipulum
1251 2085 1509 2145 nitidum
1556 2087 1618 2145 in
1665 2087 1786 2146 vini
1832 2087 2058 2168 optimi,
2105 2086 2211 2147 sed
2255 2104 2361 2146 no·
2394 2109 2456 2149 so

329 2174 592 2235 vellastri
650 2175 927 2252 congium
984 2175 1177 2233 mittat
1233 2183 1337 2233 aut
1383 2175 1558 2233 etiam
1609 2182 1902 2253 excoquat
1947 2193 2015 2234 30
2062 2174 2261 2236 triduo
2299 2177 2365 2236 in

330 2263 566 2325 vasculo
614 2263 814 2323 clauso
862 2261 953 2322 vel
999 2269 1208 2341 operto
1255 2264 1546 2322 macerari
1583 2262 1785 2344 faciat3
1833 2263 2047 2324 deinde
2084 2273 2221 2343 post
2256 2267 2363 2325 tri·

331 2352 514 2413 duum
560 2351 859 2412 heminam
905 2353 1034 2412 eius
1081 2352 1203 2410 vini
1250 2352 1495 2411 mixtam
1532 2370 1670 2412 cum
1708 2351 1895 2413 calida
1932 2370 2086 2432 3003
2132 2353 2365 2414 adiecto

332 2440 501 2502 melle
549 2442 787 2501 ieiunus
827 2447 1099 2500 manente
1137 2438 1258 2500 11110
1299 2446 1614 2500 centaurea
1654 2440 1897 2501 cottidie
1931 2440 2110 2503 bibat.
2182 2441 2366 2503 Lauri

330 2530 466 2590 folia
515 2528 620 2589 XX
675 2529 889 2589 leviter
947 2530 1201 2590 contrita
1247 2545 1423 2607 passo
1471 2527 1680 2589 diluito
1729 2536 1789 2590 et
1832 2529 2016 2591 linteo
2064 2529 2256 2592 colato
2305 2540 2366 2592 et
2398 2552 2459 2594 ss

328 2622 388 2680 in
445 2617 760 2679 caccabulo
808 2618 1124 2696 decoquito
1181 2616 1252 2677 ad
1306 2618 1763 2678 crassitudinem
1820 2617 2012 2679 mellis
2067 2627 2244 2699 atque
2292 2638 2366 2680 ex

330 2726 401 2768 00
447 2709 780 2787 inunguito,
827 2707 1150 2767 efficaciter
1196 2703 1509 2786 caliginem
1556 2706 1859 2768 discuties,
1949 2706 2136 2769 Β3030
2182 2711 2369 2788 myrti

329 2814 509 2875 supra
557 2795 848 2856 carbones
897 2797 1058 2855 vivos
1105 2794 1177 2855 ad
1227 2793 1726 2873 suffumigandum
1773 2798 2002 2875 positae
2051 2796 2367 2876 caliginem

331 2893 678 2965 extenuant,
746 2885 798 2945 si
853 2883 1041 2945 000115
1097 2885 1320 2962 apertis
1368 2883 1597 2944 fumum
1652 2903 1856 2946 earum
1915 2887 2211 2964 patienter
2266 2905 2365 2947 ex·

332 2976 580 3052 ceperis,
654 2972 808 3034 Pulli
844 2972 1229 3034 hirundinum
1272 2971 1363 3032 vel
1400 2975 1519 3033 assi
1560 2973 1647 3033 vel
1685 2973 1823 3034 elixi
1859 2975 1921 3033 iu
1962 2973 2095 3035 cibo
2127 2976 2368 3054 saepius
2402 2996 2463 3036 so

333 3065 557 3141 sumpti
610 3062 800 3123 oculis
856 3060 1311 3140 caliginantibus
1359 3061 1681 3123 efficaciter
1724 3070 1994 3141 prosunt.
2081 3062 2369 3144 Lapidem

330 3149 723 3231 bostrychitin
771 3158 969 3212 tecum
1019 3169 1256 3229 semper
1295 3149 1529 3231 habeto,
1576 3153 1681 3229 qui
1717 3151 1789 3212 ad
1828 3153 2015 3212 aciem
2053 3151 2372 3214 oculorum

332 3240 701 3301 excitandam
749 3241 1070 3301 efficaciter
1116 3238 1377 3318 prodest.
1468 3239 1654 3300 Muris
1701 3242 1971 3322 agrestis,
2018 3240 2078 3301 id
2127 3249 2218 3302 est
2262 3245 2374 3322 qui

332 3331 396 3390 in
442 3331 665 3408 campis
711 3330 1030 3411 invenitur,
1078 3327 1358 3389 conbusti
1395 3329 1547 3389 cinis
1585 3331 1879 3390 contritus
1918 3336 1978 3390 et
2015 3348 2152 3391 cum
2190 3331 2372 3393 melle

475 3541 507 3588 2
544 3534 869 3604 ypocheseS.
1020 3539 1084 3588 15
1121 3532 1448 3602 inunguetO.
1595 3540 1662 3590 2⁷
1700 3533 2027 3606 inungueto.
2162 3541 2234 3593 30
2271 3539 2380 3594 he·

334 3606 649 3661 rundinnm.
800 3611 865 3660 31
905 3603 1308 3673 bostrychiten.
