2575 4092
997 258 1473 323 —345—

205 427 389 480 aceto
428 419 733 498 adpositus
774 420 918 481 adeo
965 420 1225 503 prodest,
1274 430 1342 483 ut
1379 423 1654 501 spodium
1692 432 1753 485 et
1788 423 2077 486 utilitates
2115 427 2245 486 eius

204 510 275 568 in
336 508 504 569 hisce
561 508 971 570 curationibus
1025 512 1237 571 vincat.
1331 510 1436 572 Fel
1500 514 1812 590 caprinum
1878 531 2014 574 cum
2069 513 2244 575 melle
2281 527 2348 577 41

203 599 441 661 veretri
487 596 793 659 doloribus
839 596 1261 678 ulceribusque
1307 599 1545 661 inlitum
1591 601 1850 681 prodest.
1926 600 2076 663 Caro
2113 621 2244 664 vac·
2281 615 2350 665 42

206 691 351 750 cina
398 704 611 749 recens
652 695 885 747 veretro
924 689 1199 767 imposita
1235 687 1437 750 ulcera
1475 691 1605 750 eius
1642 698 1703 751 et
1740 690 2056 769 epiphoras
2093 693 2244 753 mire

146 803 172 844 5
205 785 514 859 persanat.
609 775 975 836 Salsamenta
1040 784 1249 838 exusta
1313 779 1689 858 contritaque
1755 787 1815 840 et
1878 795 2016 841 cum
2072 781 2243 842 melle
2283 793 2352 843 43

204 874 454 928 veretro
501 866 756 945 inposita
802 864 1118 926 adversum
1165 883 1372 927 omnes
1419 866 1654 928 dolores
1701 875 1763 928 et
1799 868 2243 930 formicationes

206 955 579 1035 singularem
635 954 958 1015 efficaciam
1013 963 1337 1035 praestant.
1419 956 1718 1017 Anetbum
1772 958 1999 1018 siccum
2042 960 2244 1019 uritur
2280 971 2353 1021 44

206 1047 489 1123 cinisque
544 1043 675 1104 eius
730 1045 912 1104 tritus
966 1051 1069 1105 aut
1114 1062 1252 1105 cum
1299 1046 1435 1105 vino
1482 1053 1685 1106 vetere
1732 1053 1968 1106 veretro
2014 1048 2244 1127 insper-

207 1135 379 1214 gitur
434 1140 537 1194 aut
592 1150 729 1193 cum
784 1130 958 1192 melle
1014 1132 1299 1194 subactus
1354 1133 1688 1196 adhibetur.
1777 1134 1896 1195 Lac
1948 1136 2242 1196 asininum
2279 1147 2353 1198 45

119 1246 177 1286 ιο
209 1242 356 1285 cum
410 1220 540 1282 lana
596 1220 800 1282 sucida
855 1220 927 1281 ad
983 1221 1330 1283 umbilicum
1377 1222 1619 1302 babeat,
1674 1225 1953 1301 quotiens
1999 1226 2136 1303 quis
2180 1226 2244 1285 in

206 1329 495 1373 venerem
540 1309 796 1370 voluerit
840 1311 1095 1372 incitari.

395 1400 627 1461 Erucae
674 1399 919 1459 seminis
959 1390 1037 1486 ,91
1077 1398 1175 1480 ΙΙΙ,
1221 1398 1390 1460 bulbi
1430 1400 1544 1460 rufi
1584 1392 1663 1485 ,9-
1702 1399 1800 1480 ΙΙΙ,
1846 1400 2046 1462 nuclei
2081 1404 2242 1479 pinei
2281 1414 2352 1463 46

209 1491 456 1569 purgati
493 1479 571 1575 ,91
610 1486 703 1568 vl,
749 1489 949 1566 spicae
985 1488 1159 1548 nardi
1197 1480 1277 1574 ‚91
1315 1486 1415 1569 111,
1459 1495 1621 1549 teres
1660 1488 1890 1568 singula
1928 1489 2243 1569 diligenter

212 1586 278 1639 et
323 1576 714 1657 permiscebis
756 1584 936 1656 atque
970 1576 1110 1637 inde
1146 1575 1418 1656 globulos
1455 1577 1637 1637 facies
1676 1577 1747 1638 ad
1786 1577 2035 1638 formam
2072 1581 2245 1639 nucis

124 1689 181 1730 16
213 1666 513 1728 avellanae
552 1673 612 1726 et
649 1683 786 1726 cum
825 1682 975 1743 opus
1013 1665 1196 1726 fuerit
1232 1664 1498 1744 singulos
1527 1664 1879 1745 liquefactos
1906 1668 1969 1727 in
1998 1668 2242 1746 caprino

211 1756 368 1818 lacte
413 1754 665 1836 potabis,
711 1756 765 1814 si
808 1756 872 1814 in
917 1772 1197 1815 venerem
1243 1753 1503 1814 volueris
1554 1754 1816 1816 accendi.

398 1843 703 1904 Satureiae
760 1842 1028 1904 Creticae
1087 1835 1166 1928 ,9-
1213 1842 1265 1922 Ι,
1322 1860 1555 1922 myrrae
1722 1842 1774 1925 1,
1828 1843 2027 1904 nuclei
2083 1844 2245 1923 pinei
2280 1856 2350 1907 47

213 1936 455 2013 purgati
501 1933 890 2014 quartarium,
934 1949 1150 1993 erucae
1197 1932 1442 1992 seminis
1494 1964 1571 1975 —-—
1648 1978 1665 2011 ,
1711 1931 1911 1993 scillae
1944 1940 2243 2011 purgatae

216 2056 305 2067 —
342 2021 384 2084 I.
455 2021 665 2082 Omnia
710 2020 857 2082 haec
894 2022 1148 2082 contrita
1187 2019 1469 2081 miscebis
1506 2028 1568 2081 et
1603 2019 1872 2100 globulos
1911 2021 1983 2082 ad
2022 2024 2243 2100 magni-

133 2133 189 2172 20
220 2112 490 2173 tudinem
546 2109 712 2170 fabae
768 2109 950 2171 facies
1006 2117 1066 2170 et
1121 2108 1388 2189 singulos
1453 2108 1525 2170 ad
1582 2109 1739 2170 diem
1803 2111 2041 2171 ieiunus
2106 2128 2243 2170 cum

220 2203 463 2279 caprino
510 2198 661 2260 lacte
708 2197 959 2277 potabis,
1005 2200 1058 2259 si
1103 2198 1362 2259 volueris
1410 2215 1543 2259 esse
1589 2198 1857 2260 salacior.

396 2287 672 2368 Pyrethri
719 2289 847 2348 triti
891 2286 1154 2367 pulveris
1201 2287 1548 2349 cocliarium
1592 2288 1836 2367 plenum
1882 2306 2020 2349 cum
2066 2304 2242 2366 passo
2280 2300 2354 2350 48

219 2386 425 2457 potum
473 2378 693 2437 excitat
735 2377 799 2436 in
845 2394 1126 2437 venerem
1171 2375 1414 2437 inutiles
1460 2394 1672 2437 mares.

397 2465 513 2537 Qui
567 2466 762 2544 potuit
816 2472 876 2525 et
930 2482 1051 2524 non
1098 2471 1320 2544 potest,
1367 2472 1435 2525 ut
1481 2473 1795 2544 reparetur
1839 2466 1901 2526 in
1947 2483 2243 2547 venerem,
2280 2476 2353 2527 49

139 2573 194 2616 25
221 2556 451 2617 radices
498 2555 838 2615 cucumeris
884 2555 1137 2633 agrestis
1183 2555 1454 2614 concisas
1499 2555 1836 2614 minutatim
1875 2556 1939 2614 in
1977 2553 2105 2615 oleo
2145 2554 2243 2614 de-

143 2699 154 2717 ,
223 2652 437 2723 coquat
483 2651 544 2704 et
588 2645 650 2703 in
699 2641 938 2703 vasculo
985 2644 1173 2702 vitreo
1219 2649 1486 2702 reservet
1541 2649 1602 2702 et
1631 2643 1794 2703 'cum
1846 2660 1998 2721 opus
2045 2642 2243 2724 fuerit,

20 2689 24 2786 l
223 2741 446 2811 unguat
487 2731 602 2793 sibi
639 2734 701 2791 in
741 2730 972 2791 balineo
1010 2732 1265 2791 interius
1303 2738 1364 2791 et
1400 2731 1664 2790 exterius
1702 2748 1877 2791 omne
1923 2738 2243 2811 veretrum,

225 2821 327 2882 sed
366 2838 648 2900 saponem
687 2838 808 2880 non
845 2818 1061 2900 abluat,
1111 2822 1312 2880 statim
1347 2818 1712 2880 incitabitur.
1780 2818 2009 2880 Poterit
2047 2826 2244 2880 autem

226 2910 611 2990 sequentibus
657 2908 896 2989 diebuS,
952 2910 1003 2968 si
1050 2926 1295 2969 necesse
1342 2908 1549 2988 fuerit,
1595 2909 1773 2969 etiam
1831 2910 1959 2969 sine
2015 2906 2245 2968 lavacro

145 3018 199 3059 so
224 3007 519 3060 veretrum
560 2998 677 3058 sibi
713 2996 985 3058 similiter
1022 2998 1230 3057 eodem
1267 2996 1657 3057 medicamine
1696 3013 2103 3077 perunguere3
2143 3014 2244 3057 na-

224 3096 354 3149 tura
401 3086 673 3166 genitalis
718 3088 907 3146 maior
945 3093 1005 3146 et
1042 3085 1288 3146 solidior
1324 3084 1638 3167 videbitur,
1686 3088 1739 3147 si
1778 3086 1852 3147 de
1888 3085 1996 3147 lilii
2032 3085 2244 3146 radici-

225 3176 334 3238 bus
387 3178 582 3238 tunsis
639 3174 992 3254 cataplasma
1047 3176 1103 3234 ei
1155 3175 1433 3256 inponas,
1489 3192 1639 3254 quae
1695 3175 1880 3236 nihilo
1935 3176 2134 3235 minus
2187 3182 2246 3235 et

225 3268 426 3327 veneri
468 3263 875 3326 incendendae
921 3264 1065 3323 satis
1109 3263 1276 3324 utilis
1323 3271 1431 3324 est.

398 3353 630 3415 Herbae
660 3351 843 3413 rebus
870 3353 1127 3431 veneriis
1157 3360 1346 3433 aptae,
1384 3353 1644 3433 rafanus,
1681 3370 1878 3434 eruca,
1908 3370 2248 3434 asparagus,
2284 3364 2352 3413 50

402 3494 435 3543 6
471 3488 896 3558 fumigationes,
941 3488 1168 3542 correxi.
1319 3493 1385 3542 12
1431 3505 1468 3543 a
1512 3488 1791 3543 vocabulis
1827 3486 1982 3557 pinei
2017 3488 2247 3558 purgati

229 3562 390 3618 code-v
418 3576 614 3615 rursus
640 3560 857 3628 incipit.
949 3562 1014 3612 15
1049 3557 1407 3627 liquefactus.
1521 3564 1586 3614 17
1625 3557 1846 3613 mitrae.
1953 3556 2108 3628 pinei
2144 3575 2244 3614 om.

229 3638 292 3688 23
329 3647 546 3687 venere.
691 3635 761 3685 28
800 3644 1066 3699 saponem
1100 3631 1328 3699 scripsi:
1364 3629 1586 3684 sabone.
1733 3635 1803 3683 30
1838 3633 2074 3684 veretro.
