2575 4092
214 840 284 890 33

216 1105 288 1155 34

217 1462 287 1513 35

221 2171 289 2220 36

221 2612 290 2661 37

223 3142 293 3192 38

1093 227 1578 292 —280—

322 388 485 449 croci
539 379 620 473 θ’
666 386 773 468 111,
829 404 1062 467 myrrae
1117 387 1531 469 troglodytidis
1579 381 1659 474 ᾀ-
1705 385 1803 449 ΙΙΙ.
1893 386 2147 466 Colliges
2201 387 2351 449 haec

322 493 460 537 cum
498 493 649 554 aqua
686 484 789 536 aut
825 494 963 537 cum
999 478 1134 538 vino
1174 484 1420 557 myrteo,
1466 476 1529 537 id
1568 484 1661 537 est
1695 478 1757 536 in
1785 494 1914 555 ¹quo
1952 477 2133 555 myrti
2169 475 2352 538 bacae

322 566 608 625 coxerint.
680 563 808 625 Hoc
854 566 1050 644 ipsum
1097 566 1598 627 medicamentum
1634 566 1830 625 ventri
1867 565 2221 646 adpositum,
2268 567 2354 626 ita

321 659 392 714 ut
438 660 642 714 ceroto
688 655 946 732 myrtino
994 653 1333 735 colligatur,
1387 654 1685 733 epithema
1731 654 2109 734 dysintericis
2170 655 2354 733 aptis-

321 742 539 802 simum
586 748 696 803 est.
2380 757 2409 799 ο

502 828 783 891 Tormina
818 831 1183 909 patientibus
1219 830 1393 892 multi
1428 839 1697 892 ventrem
1733 832 1982 891 viventis
2025 834 2215 893 anatis
2254 832 2355 893 ad-

323 927 556 997 ponunt
610 919 989 980 adfirmantes
1044 923 1299 981 transire
1354 919 1629 981 morbum
1684 919 1758 979 ad
1813 928 2045 981 anatem
2100 938 2355 1000 eamque

323 1009 502 1088 mori3
550 1007 709 1087 quod
756 1010 811 1068 si
853 1008 1294 1087 verpertilionis
1331 1010 1618 1088 sanguine
1656 1015 1925 1069 ventrem
1963 1008 2191 1069 oblinas
2229 1018 2354 1070 tor-

324 1097 560 1176 minosi,
605 1098 669 1156 in
715 1114 889 1156 omne
935 1105 1173 1175 tempus
1219 1097 1422 1158 dolore
1469 1095 1775 1158 relevabiS.
1851 1096 1915 1157 Si
1958 1099 2022 1158 in
2060 1115 2211 1177 aqua
2247 1098 2356 1158 fri-

326 1184 459 1262 gida
516 1183 916 1263 dysintericus
970 1186 1155 1265 pedes
1212 1204 1401 1264 usque
1460 1185 1533 1246 ad
1580 1185 1853 1264 genicula
1895 1193 2104 1267 ponat,
2149 1186 2255 1247 sed
2301 1188 2358 1248 si
2387 1201 2438 1240 ιο

326 1290 447 1332 non
493 1270 873 1353 febricitabit,
922 1281 983 1333 et
1029 1274 1102 1334 de
1140 1267 1278 1335 vino
1318 1281 1556 1335 austero
1592 1276 1896 1353 potionem
1933 1273 2358 1335 calidissimam
2547 1195 2555 1390 ἱ

326 1359 509 1441 hibat,
557 1362 674 1421 cito
722 1361 1044 1423 sanabitur.

504 1447 808 1509 Confectio
846 1450 1255 1511 medicaminis
1284 1452 1424 1511 miri
1452 1451 1767 1513 adversum
1797 1450 2207 1530 dysinteriam:
2246 1451 2357 1512 Te-

328 1545 480 1599 stam
525 1537 816 1619 locustae,
866 1539 925 1599 id
973 1547 1065 1600 est
1110 1539 1270 1599 illam
1317 1541 1618 1618 spinosam
1662 1538 1757 1599 vel
1802 1539 2154 1622 aculeatam,
2201 1559 2356 1620 quae
2551 1547 2554 1672 4

327 1635 420 1688 est
473 1628 638 1687 iuxta
692 1635 898 1705 caput,
953 1627 1250 1689 conbures
1310 1627 1497 1689 nitide
1545 1636 1614 1688 -et
1668 1634 1877 1706 postea
1930 1635 2118 1709 tereS,
2175 1636 2246 1690 ut
2289 1631 2355 1690 in
2385 1642 2435 1683 1⁵

327 1717 747 1776 tenuissimum
791 1715 1098 1794 pulverem
1136 1716 1390 1796 redigas,
1437 1723 1498 1777 et
1537 1717 1624 1777 sic
1663 1717 1736 1797 ei,
1785 1718 1890 1796 qui
1926 1719 2152 1778 ventris
2188 1717 2358 1779 fluxu

329 1803 422 1863 vel
476 1821 687 1865 rosura
741 1803 1060 1885 laborabit,
1114 1823 1186 1865 ex
1240 1806 1378 1865 vino
1425 1811 1653 1886 vetere,
1712 1807 1763 1865 si
1809 1823 1929 1865 non
1976 1805 2358 1887 febricitabit,

328 1899 432 1953 aut
486 1894 539 1952 si
592 1892 917 1971 inaequalis
972 1896 1114 1974 erit,
1181 1911 1256 1954 ex
1312 1892 1499 1954 calida
1554 1910 1705 1972 aqua
1762 1893 1956 1974 dahis,
2015 1896 2096 1955 ita
2157 1902 2226 1955 ut
2281 1895 2357 1955 de

329 1980 580 2060 singulis
637 1980 884 2042 locustis
940 1988 1123 2042 testas
1179 1981 1441 2061 singulas
1495 1983 1759 2060 integras
1810 1990 2048 2043 exustas
2092 2001 2203 2063 per
2248 1985 2358 2044 tri-

329 2069 515 2131 duum
560 2068 756 2149 bibat3
802 2071 951 2130 mire
999 2069 1323 2131 sanabitur.
2386 2086 2438 2125 20

506 2157 699 2222 Mellis
739 2114 1058 2239 beminam,
1106 2160 1228 2218 vini
1262 2160 1483 2219 veteris
1520 2160 1863 2239 sextarium,
1910 2161 2136 2238 piperis
2172 2178 2359 2239 grana

329 2246 585 2307 ducenta
632 2252 792 2304 teres
840 2244 1154 2348 diligenter
1201 2253 1262 2307 et
1308 2246 1613 2308 conditum
1656 2265 1727 2307 ex
1764 2247 1859 2307 his
1896 2247 2092 2309 tribus
2131 2250 2357 2327 specie-

328 2333 442 2394 bus
481 2334 663 2393 facies
701 2341 762 2394 et
793 2335 992 2394 ieiuno
1023 2333 1384 2414 dysinterico
1423 2353 1596 2395 mane
1629 2335 1912 2396 meralem
1944 2336 2188 2397 calicem
2217 2337 2356 2398 cali·

329 2422 472 2483 dum
515 2422 760 2502 plenum
807 2422 993 2503 dabis,
1041 2424 1240 2483 statim
1287 2424 1582 2505 proderit3
1629 2424 1735 2485 sed
1783 2426 1836 2485 si
1871 2442 2117 2486 necesse
2155 2426 2357 2507 fuerit,

328 2529 401 2571 ex
448 2529 518 2571 eo
566 2510 805 2571 condito
852 2512 1050 2590 ipsum
1095 2510 1339 2589 plenum
1384 2511 1665 2573 meralem
1709 2531 1819 2591 per
1864 2513 2137 2574 triduum·
2168 2514 2356 2575 dahis.
2383 2524 2435 2567 2⁵

507 2598 705 2659 Laetis
753 2602 1000 2679 capruni
1042 2601 1243 2661 statim
1279 2600 1458 2661 mulsi
1494 2599 1702 2679 grandi
1737 2603 1968 2680 potioni
2004 2602 2244 2663 additur
2281 2603 2357 2664 de

335 2687 581 2766 coagulo
635 2687 890 2749 haedino
942 2689 1260 2770 frustrum,
1318 2695 1605 2768 quantum
1653 2689 1911 2750 avellana
1958 2690 2200 2769 grandis
2246 2701 2358 2773 est,

330 2776 489 2855 quod
545 2776 747 2854 digitis
802 2776 1142 2837 medicinali
1196 2784 1258 2837 et
1313 2777 1526 2856 pollice
1595 2776 1895 2839 sublatum
1947 2777 2041 2839 vel
2103 2781 2357 2841 missum

328 2866 541 2926 iisdem
579 2865 780 2942 digitis
818 2872 1303 2944 contemperatur
1340 2874 1400 2927 et
1437 2865 1612 2927 datur
1647 2864 1940 2927 laboranti
1976 2867 2358 2951 dysinterico,
2553 2869 2554 2902 ³

331 2953 474 3013 dum
511 2953 704 3014 adhuc
743 2953 895 3013 calet
930 2953 1039 3036 lac,
1085 2962 1405 3033 antequam
1441 2954 1562 3024 illo„
1581 2953 1826 3033 coagulo
1865 2958 2213 3034 stringatur,
2249 2976 2360 3037 per
2385 2968 2435 3012 ω

332 3040 626 3122 triduum3
665 3040 812 3101 haec
840 3044 1003 3119 potio
1032 3044 1232 3104 ieiuno
1263 3042 1502 3104 dabitur
1531 3050 1738 3103 contra
1765 3045 2056 3105 orientem
2083 3043 2357 3107 bibenda.

513 3128 836 3190 Surculum
873 3130 946 3190 de
985 3148 1188 3191 ceraso
1228 3130 1491 3192 silvatica
1528 3148 1746 3191 exures
1783 3139 1844 3191 et
1881 3132 1953 3193 de
1991 3140 2145 3193 testa
2174 3136 2361 3195 ostrei

332 3236 520 3297 aeque
578 3218 757 3278 facies
814 3218 1178 3298 paribusque
1233 3221 1534 3280 mensuris
1594 3218 1902 3298 pulverem
1954 3223 2165 3286 tritum
2221 3241 2357 3285 cum

515 3379 546 3425 1
581 3370 787 3426 mitrae
824 3370 1165 3441 trogloditis
1349 3378 1380 3425 2
1419 3370 1588 3426 mitti.
1769 3378 1802 3426 3
1841 3372 2114 3444 coxerint]
2163 3377 2358 3430 coetae

332 3440 544 3496 fuerint
584 3441 903 3498 Coo-narius.
1087 3448 1121 3498 8
1157 3441 1861 3512 vespertillioniS.17
1901 3460 2096 3499 rosura
2129 3448 2360 3515 scripsi.-

330 3528 545 3567 rasura..
639 3516 704 3566 19
741 3512 1000 3583 lugustis.
1093 3519 1163 3567 26
1200 3529 1491 3583 capi-unus.
1568 3518 1651 3593 27·
1675 3514 1937 3584 quagulo.
2012 3521 2082 3571 29
2118 3515 2357 3573 hisdem.

333 3586 402 3636 30
441 3583 702 3653 quagulo.
848 3589 915 3637 32
955 3583 1239 3639 surculum
1276 3584 1501 3653 scripsi:
1537 3581 1807 3639 sueinum.
