2575 4092
1111 240 1587 305 —290—

228 418 334 468 130
516 404 856 484 Serpullum
901 403 974 464 ad
1020 403 1255 483 pondus
1302 405 1599 469 victoriati
1645 404 1913 482 argentei
1958 402 2169 463 tritum
2210 401 2369 463 bene

336 493 556 555 valenti
601 512 673 554 ex
719 495 886 575 vino,
935 491 1330 554 febriculento
1378 511 1451 552 ex
1496 510 1645 571 aqua
1690 493 1862 571 potui
1907 490 2109 552 datum
2157 509 2370 552 omnes

337 585 564 644 ventris
610 581 847 643 dolores
898 581 1083 643 sedat.

229 688 330 738 131
512 670 853 733 Humanum
889 669 1099 732 lotium
1135 676 1308 730 vetus
1347 670 1576 731 adiecto
1613 670 1777 729 croci
1814 668 2066 749 modico,
2111 676 2182 729 ut
2218 668 2371 729 odor

336 762 467 821 eius
523 760 886 840 occultetur,
939 761 1238 838 ignoranti
1293 760 1464 837 potui
1508 758 1714 819 datum
1761 756 2086 838 quamlibet
2130 764 2371 818 veteres
2396 779 2423 821 5

335 851 399 910 in
454 847 784 910 visceribus
839 847 1092 909 latentes
1149 846 1393 907 morbos
1457 846 1719 927 sanabit3
1781 848 2007 906 vomitu
2062 847 2224 906 enim
2280 848 2373 906 in·

335 939 514 998 ritato
573 944 634 998 et
679 936 1073 1000 eiectionibus
1120 937 1434 997 concitatis
1481 953 1654 996 omne
1699 936 1911 997 vitium
1954 934 2224 996 valenter
2269 953 2372 995 ex·

336 1033 569 1106 purgat.

230 1130 333 1180 132
515 1114 593 1174 Ut
638 1112 934 1192 explorari
978 1115 1184 1193 possit,
1231 1131 1306 1173 ex
1351 1112 1673 1174 latentibus
1719 1112 1945 1174 morbis
1993 1114 2097 1192 qui
2136 1113 2215 1172 sit
2251 1111 2371 1191 ille,

337 1205 441 1282 qui
486 1211 659 1263 vexat
704 1201 1026 1284 infirmum,
1073 1200 1599 1280 conprehendique
1646 1201 1897 1280 qualitas
1943 1203 2072 1262 vitii
2123 1209 2185 1262 et
2227 1219 2371 1280 pars
2400 1222 2448 1261 ιο

335 1293 632 1351 viscerum
687 1292 904 1369 possit,
963 1289 1195 1351 catulus
1245 1290 1401 1364 fetae
1447 1293 1612 1350 canis
1657 1289 1884 1351 lactens
1931 1290 2026 1351 die
2076 1308 2144 1350 ac
2191 1297 2372 1350 nocte

336 1397 475 1440 cum
529 1396 600 1439 eo
657 1380 760 1458 qui
812 1378 1040 1439 laborat
1095 1378 1433 1459 accumbat3
1492 1381 1545 1439 is
1604 1386 1813 1458 postea
1870 1386 2072 1439 sectus
2125 1380 2371 1458 inspici·

336 1475 438 1529 tur
492 1466 933 1546 translatusque
988 1469 1052 1528 in
1098 1485 1169 1527 eo
1217 1466 1462 1528 morbus
1508 1467 1666 1529 haud
1712 1467 1953 1528 difficile
1999 1474 2244 1528 notatur
2288 1469 2371 1527 ita

337 1563 563 1638 tamen,
619 1564 688 1617 ut
742 1574 920 1635 aeger
974 1558 1032 1618 ei
1085 1555 1176 1617 lac
1233 1556 1306 1616 de
1353 1574 1462 1617 suo
1519 1575 1623 1616 ore
1672 1556 2016 1635 frequenter
2062 1554 2371 1636 infundat3
2551 1533 2552 1608 l

336 1664 471 1707 eum
528 1654 728 1707 tamen
774 1644 1064 1726 catulum,
1119 1662 1254 1706 cum
1312 1645 1496 1706 fuerit
1541 1652 1844 1727 exsectuS‚
1900 1644 2076 1705 obrui
2131 1651 2368 1722 oportet
2398 1663 2445 1703 ιε

336 1753 448 1795 nec
494 1734 568 1795 ab
614 1752 681 1794 re
730 1740 847 1814 est,
909 1736 962 1794 si
1016 1733 1217 1795 triduo
1268 1734 1427 1794 idem
1475 1733 1709 1794 catulus
1754 1735 1959 1793 vivens
2006 1751 2144 1793 cum
2190 1751 2372 1813 aegro

337 1829 596 1903 maneat3
649 1824 860 1883 vitium
912 1824 1073 1883 enim
1128 1824 1292 1901 aegri
1346 1823 1603 1882 transire
1657 1824 1719 1882 in
1777 1840 1915 1883 eum
1970 1840 2162 1900 usque
2223 1821 2373 1882 adeo

336 1918 571 1971 certum
607 1918 717 1991 est,
763 1919 832 1971 ut
869 1913 1158 1972 moriatur
1195 1910 1428 1972 catulus
1464 1911 1885 1991 hominemque
1922 1909 2147 1971 morbis
2185 1909 2372 1971 laten-

340 1999 503 2061 tibus
548 1999 791 2060 relevet.

232 2102 334 2152 133
514 2088 602 2148 Ad
652 2088 1043 2165 dysintericos
1092 2087 1410 2148 solitaneos
1456 2087 1716 2148 cocleam
1760 2087 1997 2166 plenam
2038 2105 2175 2148 cum
2214 2094 2371 2148 testa
2402 2106 2451 2146 20

338 2194 444 2236 sua
482 2177 670 2236 vivam
710 2183 888 2255 teres,
927 2175 997 2235 ad
1037 2177 1210 2236 cuius
1250 2177 1488 2255 pondus
1523 2176 1678 2237 infra
1716 2178 1938 2255 scripta
1976 2178 2117 2237 trita
2156 2177 2372 2237 misce-

338 2263 459 2345 his,
512 2264 574 2324 id
634 2270 726 2323 est
782 2265 942 2324 casei
997 2265 1216 2324 veteris
1274 2274 1563 2344 quantum
1616 2273 1709 2326 est
1759 2265 1991 2326 cocleae
2040 2265 2373 2345 dimidium,

339 2354 432 2412 ovi
479 2351 795 2412 medullam
842 2354 905 2411 in
952 2359 1120 2413 aceto
1169 2362 1415 2434 coctam,
1461 2372 1673 2432 panem
1712 2354 2028 2414 candidum
2067 2360 2372 2415 vetustum

337 2440 432 2500 vel
479 2447 701 2501 tostum
747 2440 866 2522 vel,
914 2440 1070 2518 quod
1119 2449 1212 2501 est
1256 2442 1498 2523 meliuS‚
1544 2444 1879 2522 nauticum,
1924 2451 2149 2523 rutam,
2196 2444 2372 2521 piper

340 2547 413 2589 ex
458 2531 622 2610 vino;
670 2530 827 2608 quod
876 2547 1014 2589 cum
1057 2531 1228 2608 prius
1272 2531 1433 2591 ferro
1472 2531 1749 2592 candenti
1787 2530 2148 2612 calefeceris,
2194 2532 2371 2608 potui
2397 2548 2448 2590 25

343 2620 471 2678 sine
519 2636 669 2698 aqua
716 2616 1101 2700 ministrabiS‚
1150 2619 1253 2679 sed
1295 2628 1356 2680 et
1391 2618 1567 2681 bacas
1605 2631 1863 2699 myrteas
1901 2620 2139 2680 adicies,
2209 2618 2372 2680 Haec

343 2708 540 2767 omnia
587 2713 863 2767 conteres
910 2714 971 2767 et
1015 2707 1077 2766 in
1125 2709 1368 2786 potione
1414 2710 1537 2769 vini
1583 2710 1800 2768 veteris
1846 2709 2045 2768 ieiuno
2093 2707 2280 2768 dabis,

236 2807 340 2857 134
517 2796 606 2856 Ad
646 2812 765 2875 eoS‚
814 2797 917 2873 qui
955 2798 1304 2874 sanguinem
1342 2814 1451 2876 per
1485 2799 1835 2858 intestinum
1872 2798 2094 2857 iactant
2131 2796 2224 2857 vel
2261 2814 2373 2875 per
2551 2795 2552 2816 ¹

341 2893 691 2963 corruptum
736 2901 953 2963 corpus
998 2885 1250 2945 inferius
1300 2885 1629 2965 effundunt,
1675 2886 2006 2946 remedium
2054 2886 2168 2946 sic:
2220 2884 2370 2945 Her-

337 2971 447 3031 bae
494 2974 722 3032 urticae
769 2973 1065 3033 masculae
1113 2976 1484 3035 summitates
1530 2982 1767 3035 teneras
1813 2973 2056 3052 colliges
2111 2983 2173 3034 et
2219 2991 2360 3034 con·
2392 2992 2445 3033 so
2505 3046 2511 3052 q
2551 2997 2552 3000 ¹

338 3059 556 3119 tundes
613 3078 941 3140 sucumque
999 3064 1130 3123 eius
1186 3080 1537 3141 expressum
1588 3081 1700 3141 per
1753 3062 2020 3124 triduum
2067 3064 2369 3123 ministra-

337 3147 431 3209 bis
462 3147 814 3230 bibendum3
845 3151 895 3210 si
925 3159 1123 3211 autem
1151 3169 1288 3212 cum
1319 3170 1471 3231 aqua
1501 3150 1716 3229 frigida
1743 3159 1847 3213 aut
1876 3159 2042 3212 aceto
2073 3154 2367 3221 acerrimo

334 3245 440 3298 aut
484 3255 666 3317 posca
713 3236 925 3316 frigida
974 3239 1033 3299 id
1081 3241 1177 3300 ius
1222 3242 1476 3301 mixtum
1522 3238 1784 3320 dederis,
1844 3241 2110 3319 quamvis
2158 3239 2368 3321 despe-

338 3332 500 3386 ratos
547 3326 621 3386 de
669 3344 850 3405 supra
897 3328 1118 3406 scripta
1165 3329 1506 3390 infirmitate
1551 3330 1827 3408 protinus
1873 3328 2173 3389 liberabis,

518 3534 549 3582 2
587 3531 767 3610 patui.
887 3538 954 3588 16
996 3532 1067 3587 ab
1103 3534 1192 3605 re]
1229 3533 1453 3589 habere.
1574 3539 1645 3589 20
1683 3534 1968 3590 solitanos.
2080 3540 2147 3589 22
2185 3535 2364 3594 vetus.

339 3602 408 3652 23
447 3600 749 3655 canditum.
894 3606 964 3657 25
1001 3620 1068 3658 ex
1103 3605 1235 3660 vino
1271 3620 1373 3660 om.
