2575 4092
1129 245 1566 309 -42-

332 408 577 470 adsidue
623 406 823 469 bulbis
870 409 1057 487 tritis,
1114 407 1341 469 sulfure
1394 409 1523 468 vivo
1570 415 1631 468 et
1676 409 1813 468 vino
1859 407 2015 469 bono
2063 409 2123 468 in
2173 425 2364 467 unum

263 508 295 557 2
332 498 664 578 permixtis,
746 495 892 556 Item
949 496 1194 576 prodest
1244 495 1443 557 cedria
1493 504 1721 557 tantum
1768 515 1996 575 ungere
2041 506 2224 575 caput
2270 495 2365 556 vel

261 598 294 647 3
332 587 444 648 alio
491 587 634 646 trito
681 592 744 646 et
789 592 957 645 aceto
1004 592 1066 646 et
1102 587 1276 645 nitro.
1353 585 1565 645 Farina
1610 584 1857 646 feniculi
1893 603 1966 646 ex
2004 587 2141 646 vino
2180 585 2365 664 capiti

331 676 572 736 inducta
619 675 954 753 porrigines
1010 681 1325 754 expurgat3
1385 673 1646 735 furfures
1703 692 1941 754 quoque
1988 674 2146 735 idem
2192 691 2362 753 prae-

261 777 296 827 4
334 772 510 845 stant,
548 765 601 823 si
637 772 815 841 caput
852 762 989 822 inde
1027 762 1271 824 adsidue
1310 765 1372 823 in
1402 762 1613 823 balneo
1651 761 1867 824 luatur.
1940 762 2249 843 Hysopum
2288 780 2363 822 ex
2391 777 2419 819 ⁶

262 866 293 916 5
332 852 462 914 oleo
505 855 714 913 tritum
752 860 813 912 et
848 850 1197 912 instillatum
1237 853 1419 930 capiti
1454 853 1724 931 pityriasi
1763 852 2054 913 medetur.
2129 847 2362 931 (Ovis)

334 961 406 1004 ex
444 944 580 1002 vino
619 947 679 1001 et
717 939 845 1001 oleo
883 949 943 1001 et
981 940 1182 1002 cedria
1220 943 1521 1019 pruritum
1560 939 1939 1020 scabiemque
1977 942 2188 1019 capitis
2234 938 2363 1000 tolli

265 1045 296 1093 6
335 1031 716 1092 manifestum
781 1036 897 1107 est,
964 1031 1016 1089 si
1071 1037 1330 1108 ungatur
1386 1029 1649 1089 adsidue.
1737 1029 2085 1109 Prurigines
2151 1029 2363 1107 capitis

335 1119 582 1181 discutit
626 1118 705 1180 fel
752 1116 992 1178 ovillum
1038 1117 1273 1178 inlitum
1320 1135 1457 1179 cum
1506 1126 1666 1178 creta
1697 1118 1958 1199 Cimolia,
2006 1119 2194 1179 donec
2234 1134 2361 1177 are-

263 1223 293 1272 7
333 1216 484 1270 scat:
558 1209 777 1269 mirum
833 1215 939 1267 est.
1035 1205 1270 1268 Nitrum
1327 1206 1573 1267 alumini
1635 1207 1960 1268 admixtum
2017 1209 2358 1286 prurigines
2389 1221 2443 1261 10

264 1311 296 1360 8
336 1298 545 1376 capitis
582 1294 755 1375 tollit,
792 1297 844 1355 si
880 1295 1019 1355 inde
1059 1295 1407 1375 frequenter
1445 1295 1695 1357 fricetur
1731 1304 1792 1357 et
1828 1296 2072 1358 lavetur.
2145 1294 2355 1356 Ulcera

334 1389 396 1447 in
443 1387 634 1464 capite
681 1391 981 1464 tamquam
1027 1387 1309 1464 proprius
1355 1383 1600 1445 morbus
1654 1387 1972 1464 praecipue
2030 1384 2357 1445 infantibus

333 1483 693 1554 nascuntur,
759 1473 864 1534 sed
930 1481 990 1534 et
1044 1475 1203 1534 viros
1260 1481 1320 1534 et
1376 1472 1655 1534 mulieres
1711 1476 1969 1553 graviter
2023 1473 2356 1534 molestant.

334 1563 492 1624 Haec
539 1580 680 1641 ergo
729 1561 862 1622 felle
908 1564 1143 1624 taurino
1190 1580 1328 1623 cum
1375 1569 1543 1623 aceto
1590 1563 1883 1642 tepefacto
1929 1562 2094 1623 inlita
2132 1563 2360 1622 efficaci

263 1666 294 1714 9
334 1652 597 1713 remedio
637 1660 938 1712 sanantur.
1015 1650 1232 1712 Sevum
1271 1650 1440 1712 vituli
1476 1669 1613 1711 cum
1660 1651 1780 1712 sale
1818 1651 2131 1712 subactum
2167 1649 2358 1712 utilis·
2389 1665 2442 1707 15

232 1753 298 1803 10
337 1744 483 1802 sime
531 1740 848 1801 adhibetur
893 1742 1177 1821 pityriasi.
1253 1740 1566 1801 Testarum
1602 1741 1901 1801 muricum
1937 1739 2031 1801 vel
2067 1757 2359 1820 purpura·

334 1848 469 1891 rum
515 1839 858 1890 exustarum
906 1832 1169 1890 cinerem
1215 1847 1290 1888 ex
1338 1827 1509 1889 melle
1557 1828 1861 1890 ulceribus
1903 1831 2115 1909 capitis
2151 1829 2363 1907 inponi

230 1931 293 1980 11
334 1927 585 1998 oportet.
679 1918 872 1980 Alium
930 1936 1067 1978 cum
1126 1936 1231 1978 sua
1288 1924 1449 1977 reste
1508 1917 1863 1978 conburitur
1914 1920 2185 1998 cinisque
2231 1920 2361 1978 eius

229 2020 294 2069 12
334 2026 406 2068 ex
471 2006 603 2067 oleo
658 2009 838 2086 capiti
902 2005 1175 2066 ulceroso
1232 2008 1556 2085 inponitur.
1650 2005 1861 2067 Oleum
1924 2006 2359 2087 amygdalinum

228 2109 293 2158 13
334 2114 470 2157 cum
517 2097 652 2155 vino
699 2098 922 2174 optimo
970 2097 1332 2173 permixtum
1378 2104 1667 2175 expurgat
1712 2097 1922 2175 capitis
1960 2098 2117 2157 vitia.
2197 2094 2359 2155 Folia
2388 2109 2441 2150 so

331 2183 484 2264 rubi,
532 2185 592 2244 in
640 2202 758 2261 quo
802 2201 969 2243 mora
1016 2191 1363 2263 nascuntur,
1410 2184 1573 2244 arida
1611 2187 1866 2246 contrita
1905 2186 2088 2263 capiti
2124 2187 2355 2263 insper-

332 2279 554 2352 guntur
619 2280 678 2332 et
742 2271 1002 2350 desuper
1065 2271 1196 2332 lana
1262 2272 1468 2333 sucida
1524 2280 1584 2333 et
1649 2273 1851 2334 charta
1912 2275 2356 2353 superponitur.

228 2374 295 2423 14
333 2360 515 2421 Malva
571 2362 823 2422 erratica
870 2379 1008 2421 cum
1054 2363 1226 2421 urina
1272 2360 1546 2442 humana,
1592 2362 1654 2423 id
1702 2370 1793 2423 est
1838 2363 2071 2444 puerili,
2119 2365 2261 2423 trita
2299 2367 2358 2422 et

228 2463 293 2513 15
333 2452 587 2529 inposita
636 2449 799 2510 valde
848 2451 1032 2511 siccat
1078 2452 1288 2528 capitis
1335 2467 1591 2511 umores,
1688 2450 1898 2512 Omnia
1953 2459 2153 2513 autem
2203 2453 2357 2531 capi-

331 2542 409 2600 tis
458 2538 684 2618 ulcera,
729 2557 866 2599 cum
913 2546 1161 2618 purgata
1208 2546 1375 2618 sunt,
1422 2540 1850 2601 iucundissime
1898 2540 1971 2601 ad
2018 2542 2357 2602 cicatricem
2391 2553 2444 2595 25

331 2627 745 2708 perducuntur
792 2629 905 2688 sic:
975 2627 1232 2707 Spumae
1280 2631 1512 2706 argenti
1556 2636 1767 2689 tunsae
1815 2629 2031 2690 selibra
2079 2637 2140 2690 et
2186 2647 2359 2690 cerae

331 2715 507 2796 libra3
554 2734 831 2777 cerussae
878 2715 1046 2796 libra,
1094 2716 1210 2776 olei
1256 2718 1488 2777 rosacei
1533 2716 1700 2798 libra,
1753 2737 1890 2778 cum
1936 2718 2254 2798 liquefacta
2300 2725 2362 2778 et

335 2806 513 2865 mixta
560 2813 620 2865 et
664 2807 816 2865 trita>
844 2805 1066 2866 suerint
1103 2805 1268 2885 haec,
1319 2806 1751 2885 refrigerantur
1790 2815 1850 2868 et
1888 2807 2229 2868 adiciuntur
2266 2806 2360 2867 his

334 2912 580 2954 ovorum
626 2896 998 2955 incoctorum
1047 2901 1329 2973 quattuor
1376 2893 1551 2976 lutea,
1596 2895 1656 2955 id
1697 2903 1790 2956 est
1825 2895 2040 2975 vitella,
2086 2904 2146 2957 et
2185 2895 2361 2956 simul

334 2981 555 3061 pistillo
583 2985 647 3044 in
666 2985 949 3044 mortario
979 2984 1421 3062 permiscentur
1448 2993 1624 3062 atque
1652 2984 1789 3044 inde
1821 2985 2127 3045 inducitur
2156 2992 2359 3064 caput:
2389 2997 2445 3037 ³0

232 3086 297 3134 16
334 3073 550 3131 mirum
589 3071 919 3132 remedium
959 3074 1303 3151 experieris
1363 3071 1664 3132 Nasturcii
1691 3090 1895 3134 semen
1923 3075 2175 3134 mixtum
2204 3073 2365 3152 adipi

335 3162 643 3221 anserinae
686 3162 1016 3239 tritumque
1064 3160 1330 3221 furfures
1376 3162 1589 3239 capitis
1636 3161 1879 3223 adsidua
1926 3161 2215 3223 lavatione
2262 3162 2363 3223 de·

233 3263 296 3312 17
335 3247 515 3328 pellit.
589 3248 768 3311 Betae
817 3250 1023 3310 viridis
1071 3256 1356 3310 contusae
1403 3268 1872 3330 expressaequae
1920 3269 2064 3312 suco
2111 3252 2363 3331 porrigi-

338 3355 550 3398 nosum
605 3344 783 3418 caput
838 3339 1186 3418 frequenter
1231 3340 1295 3398 in
1342 3337 1551 3400 balneo
1598 3338 1786 3400 lotum
1833 3341 1995 3401 omni
2040 3339 2177 3401 tabe
2221 3356 2363 3419 pur-

479 3553 512 3601 3
560 3544 820 3617 feniculi]
867 3545 983 3599 feni
1032 3545 1222 3615 graeci
1267 3546 1422 3601 Ptin.
1639 3551 1670 3600 5
1718 3545 2017 3618 hysopum]
2073 3563 2362 3617 oesypum.

338 3624 370 3673 6
406 3618 529 3674 ovis
565 3619 766 3674 addidi
799 3634 827 3673 e
867 3616 1023 3673 Ptin.
1174 3620 1238 3670 18
1275 3619 1421 3673 reste
1456 3616 1641 3673 Ptin„-
1677 3620 1849 3672 veste.
