2575 4092
994 247 1426 315 „53-

207 429 483 472 canorum
532 413 689 492 nigri
737 411 1076 474 emicabunt
1122 411 1336 493 capilli.
1410 411 1753 492 Experieris
1790 431 1998 475 verum
2034 431 2223 475 reme·
2261 425 2295 472 ⁶

205 499 376 583 dium,
424 503 475 561 si
523 519 743 581 agnum
791 501 1194 563 candidissimi
1244 503 1457 582 capitis
1503 501 1813 564 decoxeris
1858 513 2037 583 atque
2087 502 2225 564 inde

204 599 371 668 caput
409 592 564 669 eius,
601 608 780 670 quem
820 608 1033 652 canum
1071 608 1203 652 esse
1240 590 1412 670 nolis,
1449 593 1592 669 ungi
1630 593 2027 671 praeceperis,
2097 590 2223 652 Hoc
2261 605 2294 655 6

204 678 389 759 facito,
437 697 514 739 ne
565 678 762 759 capilli
808 689 1151 741 canescant:
1214 679 1497 741 Radicem
1545 697 1720 741 unam
1768 679 1953 741 caulis
2002 690 2222 759 quanto

157 782 180 823 5
203 767 545 846 ampliorem
595 775 654 829 et
699 771 1087 830 vetustiorem
1132 769 1197 829 in
1242 769 1419 829 furno
1457 766 1708 830 siccabis
1746 787 1994 850 eamque
2035 771 2226 830 minu-

204 857 420 917 tissime
479 855 763 918 concides
822 866 880 918 et
935 860 997 918 in
1055 856 1231 918 ollam
1286 856 1500 918 rudem
1548 859 1749 919 mittes
1794 867 1854 919 et
1900 874 2050 938 aqua
2099 857 2224 919 lon·

202 954 329 1005 tana
374 947 611 1007 recenti
656 944 910 1026 inplebis
957 956 1017 1007 et
1063 946 1136 1006 ad
1184 944 1443 1007 medium
1491 945 1789 1027 decoques
1841 954 2047 1027 operta
2091 944 2225 1029 olla,

202 1040 318 1093 tum
361 1036 424 1094 in
471 1033 711 1095 balineo
759 1042 937 1114 caput
984 1052 1205 1114 sapone
1251 1037 1473 1114 optime
1519 1033 1741 1096 lavabis
1786 1053 2044 1114 cumque
2081 1037 2225 1096 satis

202 1122 482 1184 mundum
522 1123 814 1205 effeceris,
851 1126 1027 1185 etiam
1066 1141 1132 1185 ea
1171 1142 1341 1204 aqua,
1379 1142 1554 1203 quam
1590 1126 1891 1204 paraveris
1920 1124 1992 1185 de
2028 1123 2226 1185 radice

132 1228 176 1267 10
205 1210 410 1294 caulis,
459 1220 644 1291 caput
689 1214 770 1272 ita
817 1211 1174 1273 confricabis
1218 1219 1519 1292 tamquam
1567 1212 1756 1275 solum
1805 1231 1877 1274 ex
1925 1230 1992 1273 ea
2041 1211 2226 1293 laves3

203 1317 332 1360 mox
390 1300 675 1380 capillum
734 1301 916 1362 linteo
973 1301 1236 1362 involves
1291 1320 1401 1363 nec
1447 1299 1566 1362 ulla
1612 1320 1791 1382 supra
1838 1319 1989 1381 aqua
2037 1302 2226 1362 uteris

201 1396 254 1448 et
289 1390 368 1449 ita
398 1390 675 1451 siccabis,
751 1388 877 1452 Hoc
913 1408 1103 1470 purus
1140 1408 1280 1468 ages
1317 1392 1487 1469 puris
1515 1392 1694 1452 etiam
1732 1391 2021 1452 ministris
2059 1407 2222 1452 usus.

200 1476 280 1537 Ad
326 1478 688 1558 nigrandum
734 1478 1010 1558 capillum
1057 1480 1293 1559 egregie
1341 1479 1507 1558 facit,
1562 1481 1617 1539 si
1660 1480 1756 1540 ovi
1800 1480 2029 1540 corvini
2075 1495 2225 1557 quae
2267 1489 2298 1539 '¹1

200 1577 332 1628 sunt
376 1570 671 1629 interiora
718 1569 913 1647 inpari
957 1586 1208 1629 numero
1254 1570 1316 1628 in
1364 1586 1466 1629 vas
1511 1585 1754 1629 aereum
1800 1569 2003 1628 mittas
2048 1574 2226 1645 atque

132 1671 176 1712 ιε
199 1653 314 1717 illic
359 1656 465 1719 diu
515 1659 780 1736 coagites
826 1664 885 1717 et
929 1674 1064 1718 raso
1112 1658 1304 1737 capite
1355 1658 1417 1717 in
1466 1655 1674 1717 umbra
1729 1673 1841 1734 per
1884 1654 2227 1736 peniculum

199 1745 441 1822 pictoris
489 1748 765 1828 inponas,
812 1746 916 1806 sed
963 1745 1152 1807 donec
1200 1747 1462 1806 siccetur
1507 1744 1771 1825 infectio,
1817 1750 1879 1804 et
1922 1743 2120 1804 oleum
2165 1745 2226 1803 in

202 1850 299 1893 ore
343 1837 548 1896 teneri
594 1841 833 1914 oportet
878 1841 939 1895 et
986 1853 1125 1896 sevo
1164 1836 1405 1896 cervino
1445 1833 1656 1894 faciem
1692 1833 1966 1913 perungi,
2012 1849 2085 1892 ne
2128 1830 2227 1892 de-

203 1922 560 1986 stillantibus
597 1925 784 2002 guttis
820 1922 1178 2005 maculetur3
1214 1930 1379 1985 tanta
1417 1924 1576 1984 enim
1605 1920 1757 1983 solet
1793 1939 1925 1982 esse
1953 1921 2044 1981 vis
2082 1922 2229 2003 eiuS,

203 2018 266 2071 ut
299 2015 476 2074 etiam
518 2012 748 2095 dentes,
795 2012 939 2074 dum
986 2015 1263 2094 siccatur,
1309 2012 1550 2073 inficiat.
1633 2008 1858 2082 Quarto
1897 2016 2093 2071 autem
2132 2009 2228 2069 die

134 2113 180 2153 2⁰
205 2109 373 2180 caput
419 2101 609 2163 lavari
653 2109 891 2180 oportet
936 2109 1071 2182 post
1108 2101 1475 2163 medicamen
1514 2102 1858 2179 inpositum.
1922 2097 2226 2161 Vermium
2264 2111 2297 2162 8

204 2194 579 2253 terrenorum
610 2193 762 2251 cinis
800 2189 932 2252 oleo
972 2190 1256 2271 adiectus,
1286 2208 1406 2271 quo
1435 2191 1526 2252 uti
1554 2189 1805 2250 feminae
1835 2191 1897 2249 in
1933 2187 2226 2270 pectendo

205 2276 407 2362 solent,
455 2278 704 2360 capillos
749 2278 1027 2358 prohibet
1073 2286 1381 2340 senectute
1432 2281 1663 2340 mutari.
1747 2277 1909 2339 Folia
1956 2278 2228 2358 cupressi
2264 2289 2296 2339 9

206 2367 339 2427 trita
383 2388 455 2430 ex
507 2375 676 2430 aceto
724 2369 902 2448 capiti
949 2368 1115 2429 inlita
1164 2376 1222 2429 et
1267 2369 1542 2430 inficiunt
1589 2385 1768 2428 canos
1814 2374 1875 2428 et
1920 2368 1983 2427 in
2020 2384 2226 2428 eorum

205 2452 393 2517 locum
459 2459 665 2537 nigros
730 2456 993 2518 educunt
1058 2456 1320 2536 capillos.
1413 2455 1610 2517 Nuces
1673 2453 1981 2534 iuglandes
2038 2453 2229 2515 adbuc
2270 2466 2335 2516 10

135 2555 182 2597 25
208 2543 418 2607 virides
467 2557 532 2607 et
576 2554 814 2608 teneras
861 2553 923 2606 et
967 2545 1217 2606 totidem
1262 2545 1506 2624 glandes
1551 2543 1732 2605 velles
1770 2562 1840 2604 ex
1878 2541 2091 2604 arbore
2129 2542 2226 2602 ad·

205 2629 317 2694 huc
373 2634 597 2696 virides
654 2642 716 2695 et
758 2634 1012 2696 necdum
1058 2636 1403 2695 maturitate
1450 2632 1728 2694 solidatas
1776 2640 1955 2712 atque
2001 2633 2062 2692 in
2111 2630 2228 2710 pila

210 2730 482 2785 contusas
548 2725 847 2803 exprimes
910 2740 1234 2803 earumque
1292 2741 1436 2784 suco
1492 2721 1564 2782 ad
1622 2719 1972 2782 inficiendos
2029 2737 2227 2800 canoS,

209 2807 343 2870 dum
387 2820 569 2892 caput
613 2814 830 2893 pectiS,
877 2813 1172 2892 pectinem
1211 2813 1467 2890 tingueS.
1543 2809 2048 2888 Sanguisugarum
2097 2827 2223 2869 sex·
2267 2819 2330 2873 11

210 2901 390 2961 tarius
438 2900 674 2963 duobus
721 2901 994 2961 sextariis
1053 2901 1205 2979 nigri
1260 2902 1384 2960 vini
1432 2901 1718 2960 miscetur
1763 2907 1824 2959 et
1869 2896 1972 2957 XL
2019 2895 2230 2957 diebus

100 3004 106 3008 ⁴
140 2998 186 3039 ³0
211 2985 269 3046 in
305 2989 542 3051 vasculo
576 2988 856 3069 plumbeo
885 2988 1200 3069 diligenter
1228 2988 1431 3050 clauso
1460 2994 1813 3068 maceratur,
1851 2986 2230 3065 postmodum

213 3091 341 3137 cum
395 3081 525 3159 ipso
584 3079 719 3138 vino
775 3085 1169 3139 conteruntur
1224 3076 1534 3138 hirudines
1599 3085 1661 3138 et
1725 3078 1786 3137 in
1850 3074 1974 3136 sole
2040 3074 2230 3136 calido

214 3168 383 3243 capiti
445 3167 655 3229 deraso
718 3167 788 3228 ad
843 3165 1270 3246 permutandos
1331 3166 1573 3246 capillos
1639 3183 1842 3226 earum
1905 3183 2088 3227 sucus
2143 3167 2229 3225 in-

214 3257 450 3329 ponitur
503 3256 660 3334 oleo,
718 3274 793 3316 ne
841 3255 1049 3317 dentes
1096 3255 1465 3336 inficiantur,
1512 3255 1700 3316 donec
1748 3256 2009 3315 siccetur
2047 3251 2230 3313 medi-

216 3358 431 3426 camen,
477 3347 537 3405 in
586 3362 690 3404 ore
738 3343 996 3406 detento.
1070 3343 1212 3404 Ervi
1259 3343 1507 3423 siliquae
1546 3345 1894 3423 priusquam
1940 3348 2229 3422 arescant,
2270 3352 2335 3402 12

149 3439 195 3481 ³5
218 3446 343 3492 cum
390 3434 546 3495 foliis
593 3441 655 3493 et
700 3432 867 3494 caule
914 3451 1024 3493 suo
1072 3440 1466 3494 conteruntur
1514 3440 1575 3493 et
1619 3450 1754 3493 raso
1792 3433 1987 3512 capiti,
2036 3436 2101 3490 ut
2138 3447 2232 3490 ca·

351 3627 383 3675 3
419 3639 584 3692 unge.
716 3627 745 3677 7
784 3621 1123 3692 dequoques.
1255 3624 1322 3674 15
1358 3618 1725 3690 pinniculum.
1847 3623 1913 3673 31
1954 3615 2229 3673 erudines.
