2575 4092
1015 266 1446 330 ..11...

209 424 650 505 defervefacies‚
696 426 836 487 inde
883 444 1096 506 aquam
1143 445 1247 488 ore
1291 428 1645 511 continebis,
1691 429 1797 491 sed
1835 438 2016 510 caput
2052 429 2242 493 calide

208 512 518 597 tractabis,
577 523 644 576 ut
698 514 843 576 fluat
887 517 1119 595 pituita.
1194 515 1368 587 Quod
1424 520 1475 579 si
1523 521 1658 598 quis
1703 518 1993 600 neglegit,
2047 522 2242 600 capiet

208 605 460 681 epiforas
502 603 818 665 oculorum
855 613 958 666 aut
994 606 1266 667 dentium
1306 606 1396 667 vel
1434 610 1670 669 aurium
1704 607 1988 671 dolorem.
2053 608 2240 670 Inter·

205 691 340 754 dum
399 694 588 754 etiam
642 702 906 756 strumae
962 693 1384 775 parotidesque
1441 706 1772 759 nascuntur
1817 706 1878 759 et
1923 696 2034 759 alia
2081 700 2241 779 vitia,

157 797 180 839 5
204 799 348 861 quae
395 785 567 844 circa
611 783 816 844 fauces
857 786 1241 864 cervicesque
1290 786 1437 846 oriri
1474 783 1693 867 solent3
1738 787 1883 848 item
1920 785 2240 848 destillatio

203 880 300 932 aut
362 870 629 951 gravedo
685 874 920 934 narium
979 875 1096 934 erit
1159 881 1220 934 et
1282 874 1586 935 interdum
1651 874 1853 936 ulcera
1917 877 1980 936 in
2045 878 2238 956 capite

202 969 540 1023 nascuntur
595 969 699 1022 aut
752 963 929 1023 etiam
977 960 1174 1042 capilli
1219 962 1507 1025 defluunt.
1583 963 1733 1025 Cum
1782 972 1983 1025 autem
2028 983 2060 1025 a
2108 964 2236 1026 tho·
2276 962 2308 1014 ⁷

201 1067 331 1110 race
387 1046 646 1111 morbus
701 1053 993 1131 nascitur,
1049 1053 1262 1130 incipit
1316 1060 1496 1133 caput
1542 1052 1758 1114 sudare
1804 1053 2123 1134 linguaque
2172 1054 2240 1115 flt

201 1142 460 1201 crassior
508 1147 615 1200 aut
661 1158 728 1200 os
775 1157 1042 1201 amarum
1085 1149 1188 1202 aut
1224 1140 1460 1202 tusillae
1497 1140 1718 1205 dolent.
1794 1141 2084 1205 oscitatio
2123 1144 2239 1204 erit

131 1243 177 1283 ιο
199 1227 485 1307 frequens
536 1230 668 1289 sine
706 1247 914 1290 somno
961 1236 1023 1290 et
1070 1231 1290 1311 quiete,
1337 1237 1544 1310 torpor
1586 1230 2010 1313 membrorum,
2057 1233 2239 1293 animi

199 1315 390 1399 dolor,
437 1319 694 1397 prurigo
742 1319 1039 1399 corporis,
1095 1317 1335 1380 brachia
1381 1338 1712 1400 manusque
1759 1320 2006 1382 adsidue
2052 1322 2236 1382 Intre-

197 1408 452 1468 miscent
512 1405 829 1486 subitaque
883 1408 1068 1469 tussis
1124 1407 1286 1469 arida
1342 1416 1403 1469 et
1448 1411 1715 1489 inquieta
1761 1417 2058 1471 nascetur.
2147 1408 2237 1470 Ex

197 1493 284 1556 his
340 1515 490 1576 ergo
552 1513 689 1556 cum
743 1495 966 1576 aliquid
1023 1497 1335 1577 acciderit,
1390 1497 1606 1560 vitabis
1662 1500 1873 1559 vitium
1924 1516 2128 1580 grave,
2184 1500 2237 1559 si

196 1588 498 1647 vomueris
564 1587 688 1646 sive
746 1587 985 1647 ieiunus
1045 1587 1170 1647 sive
1224 1593 1363 1666 post
1419 1604 1627 1650 cenam
1699 1585 1789 1647 vel
1856 1589 1919 1648 in
1983 1585 2235 1648 balineo.

130 1687 173 1729 15
195 1670 331 1736 Plus
379 1682 588 1737 autem
636 1673 908 1756 prodest,
955 1675 1009 1735 si
1056 1676 1298 1736 ieiunus
1343 1673 1523 1736 bilem
1570 1676 1848 1756 eiecerie3
1899 1692 2030 1736 eam
2076 1677 2235 1736 enim

196 1761 453 1825 dicimus
512 1771 768 1824 matrem
823 1762 1186 1825 morborum.
1283 1763 1401 1824 Sed
1451 1766 1555 1843 qui
1601 1780 1839 1824 vomere
1885 1761 2098 1824 nolunt
2142 1763 2237 1825 vel

193 1868 308 1913 non
355 1860 648 1933 possunt,
696 1855 833 1931 quia
875 1852 1181 1914 stomacho
1230 1852 1527 1934 laborant,
1574 1850 1806 1913 decimo
1856 1869 2092 1931 quoque
2138 1852 2235 1914 die

194 1941 518 2004 ieiunando
557 1943 718 2003 omni
755 1940 889 2003 cibo
928 1960 991 2003 se
1028 1941 1390 2003 abstineant:
1431 1959 1550 2022 quo
1587 1941 1744 2002 facto
1773 1942 1983 2002 vitium
2012 1941 2234 2019 grande

193 2032 495 2114 vitabunt3
551 2049 687 2092 nam
744 2031 1092 2112 frequenter
1149 2031 1443 2092 vomendo
1499 2031 1651 2092 solet
1706 2030 2049 2092 stomachus
2095 2048 2232 2092 con·

125 2132 171 2174 ὀ
193 2123 411 2201 rumpi.
488 2119 661 2190 Quod
700 2122 753 2182 si
789 2138 823 2181 a
856 2129 1061 2181 ventre
1091 2119 1338 2182 morbus
1367 2122 1616 2202 orietur,
1654 2119 1799 2181 haec
1828 2127 2008 2181 erunt
2036 2122 2234 2200 signa:
2271 2125 2306 2175 8

192 2206 414 2270 Venter
451 2218 723 2271 vertetur
759 2217 938 2289 atque
976 2207 1317 2270 turbabitur
1352 2219 1415 2271 et
1447 2212 1666 2271 sentiet
1698 2207 1945 2270 crebros
1973 2208 2232 2289 doloreS,

194 2296 365 2360 cibus
415 2306 478 2359 et
522 2300 688 2377 potio
733 2316 931 2359 amara
978 2297 1366 2380 videbuntur,
1418 2316 1610 2377 genua
1658 2298 1994 2380 succident,
2042 2296 2231 2359 lumbi

193 2387 631 2468 gravabuntur,
690 2386 1140 2467 interscaplium
1195 2386 1586 2449 contrahetur
1639 2395 1952 2466 totumque
2009 2404 2230 2467 corpus

197 2475 600 2554 particulatim
629 2476 988 2556 gravabitur,
1016 2475 1413 2538 tardabuntur
1440 2477 1641 2556 pedeS‚
1670 2478 1839 2555 pigra
1868 2475 2013 2536 fient
2033 2492 2228 2555 crura,

122 2577 172 2621 25
198 2580 374 2625 renes
429 2564 804 2627 indolescent
849 2573 910 2626 et
953 2572 1088 2644 post
1135 2565 1282 2626 haec
1330 2564 1655 2627 febriculae
1701 2566 2030 2626 incurrent.
2122 2562 2229 2624 His

198 2652 400 2732 itaque
447 2656 701 2734 cognitis
745 2655 940 2734 prima
981 2661 1074 2715 est
1110 2652 1504 2716 abstinentiae
1542 2653 1785 2716 utilitas.
1858 2652 2011 2714 Tum
2050 2654 2229 2714 etiam

199 2743 648 2805 medicamentis
712 2743 906 2804 alvum
961 2745 1207 2822 purgari
1260 2741 1587 2825 oportebit,
1653 2751 1721 2804 ut
1774 2760 1950 2821 grave
2008 2759 2229 2820 corpus

199 2828 543 2894 levamentis
579 2834 836 2895 iuvetur.
930 2831 1100 2903 Quod
1139 2835 1189 2892 si
1227 2830 1475 2893 morbus
1512 2834 1702 2893 maior
1746 2848 2020 2911 premere
2068 2829 2227 2891 vide-

202 2916 393 3005 bitur,
448 2921 671 2983 adicies
728 2921 979 2983 alterum
1036 2921 1194 2981 diem
1247 2919 1669 3002 abstinentiae,
1724 2922 1775 2981 si
1826 2927 2024 2981 tamen
2070 2920 2229 2979 vires

129 3019 180 3062 ω
201 3012 528 3087 patientur:
584 3013 677 3072 sin
733 3013 947 3091 minus,
1005 3027 1181 3089 quam
1230 3008 1599 3071 levissimum
1647 3026 1847 3070 sumes
1894 3007 2113 3089 cibum,
2161 3015 2230 3070 ut

203 3114 377 3159 ovum
423 3098 642 3161 sorbile
689 3106 920 3161 tantum
967 3106 1070 3160 aut
1108 3097 1331 3179 aliquid
1368 3116 1478 3159 ovo
1516 3097 1707 3160 simile
1745 3098 2018 3177 accipias.
2100 3096 2229 3158 Hoc

206 3189 305 3264 qui
349 3188 700 3271 neglegunt,
755 3188 907 3249 fiunt
952 3186 1186 3269 cyliaci,
1242 3188 1582 3270 torminosi,
1629 3186 2003 3267 dysinterici‚
2050 3187 2229 3247 etiam

207 3291 277 3334 ex
331 3296 400 3338 eo
456 3285 786 3339 nascuntur
841 3278 1130 3338 tertianae
1188 3283 1249 3337 et
1305 3284 1653 3356 quartanae,
1719 3278 1869 3338 flunt
1921 3276 2229 3356 podagrici

343 3438 376 3487 2
427 3434 629 3502 capeat
663 3435 761 3485 1m
799 3429 991 3500 capiat
1025 3436 1145 3487 2m.
1364 3434 1398 3484 8
1444 3429 1694 3484 nascitur
1737 3444 1837 3484 om.
2028 3426 2266 3495 incipit}⁴

210 3504 396 3575 caput]
442 3501 505 3557 in
550 3502 722 3572 caput
757 3502 968 3557 additis
1001 3516 1176 3570 supra
1214 3501 1418 3556 lineam
1453 3499 1592 3584 cipit
1624 3500 1872 3572 syllabis.
2022 3502 2091 3551 14
2125 3496 2232 3581 ba,-

207 3569 352 3700 31220
386 3573 966 3642 mr*
1001 3570 1877 3628 “mr
2002 3573 2071 3622 2⁹
2111 3569 2230 3624 ὠ·
