2575 4092
1121 242 1565 307 „96—

225 419 294 468 23
334 408 575 485 proprie
623 413 684 466 et
728 408 903 467 unice
942 405 1173 466 tollunt.
1243 405 1427 467 Pueri
1462 406 1707 466 investis
1746 407 1919 465 urina
1956 422 2168 465 recens
2207 409 2369 466 auri-

335 493 501 555 culae
560 492 784 555 dolenti
838 504 899 556 et
956 495 1261 556 ulcerosae
1316 494 1599 555 instillata
1654 495 1817 554 omni
1874 512 2082 555 umore
2140 496 2367 556 siccato

224 597 298 646 24
335 591 393 644 et
441 582 706 644 dolorem
754 583 908 646 tollit
951 591 1014 644 et
1050 582 1253 644 ulcera
1290 586 1441 644 mira
1477 583 1784 644 celeritate
1819 590 2116 663 persanat.
2189 584 2367 645 Lotio

333 672 592 732 humano
632 680 833 733 vetere
864 675 916 733 si
943 675 1077 752 quis
1109 675 1225 733 iam
1264 673 1646 752 desperatum
1683 673 1919 732 aurium
1958 674 2164 734 vitium
2203 672 2368 734 elue·

226 774 295 824 25
334 763 441 842 rit,
505 760 682 822 saluti
740 764 1005 840 integrae
1066 762 1248 822 lenito
1307 760 1511 822 dolore
1565 762 1860 822 restituet.
1953 760 2058 822 Fel
2117 761 2366 823 ovillum
2396 780 2425 821 5

332 849 525 910 mulso
574 851 825 912 mixtum
872 852 926 911 si
970 850 1251 930 clysterio
1299 849 1598 911 addideris
1645 858 1707 911 et
1751 850 1891 910 inde
1938 849 2235 912 auriculas
2272 853 2365 912 in-

331 941 634 1021 rigaveris‚
682 942 1026 1019 expurgatis
1076 939 1381 1001 ulceribus
1431 941 1827 1000 certissimam
1872 940 2183 1001 sanitatem
2222 958 2365 1001 con-

335 1031 634 1109 sequeris3
697 1029 857 1089 idem
914 1027 993 1088 fel
1049 1047 1186 1089 cum
1241 1028 1394 1090 lacte
1452 1028 1719 1089 mulieris
1775 1027 2125 1089 instillatum
2183 1031 2367 1089 etiam

228 1129 297 1179 26
337 1125 544 1195 ruptas
588 1119 845 1178 interius
892 1117 1189 1178 auriculas
1236 1119 1571 1178 certissime
1617 1124 1803 1178 sanat.
1875 1117 2188 1178 Coriandri
2224 1120 2366 1179 viri-

332 1206 424 1266 dis
480 1224 662 1267 sucus
722 1225 859 1267 cum
924 1205 1075 1267 lacte
1141 1205 1419 1268 muliebri
1473 1208 1695 1267 mixtus
1758 1207 1994 1267 infusus
2058 1207 2365 1270 auriculae
2397 1226 2452 1265 ιο

224 1307 293 1357 27
333 1294 600 1355 dolorem
647 1313 884 1355 omnem
930 1302 1208 1374 potenter
1253 1297 1467 1356 aufert.
1556 1294 1817 1356 Cannabi
1863 1297 2108 1356 seminis
2154 1297 2366 1358 viridis

228 1396 297 1446 28
336 1402 517 1444 sucus
556 1390 767 1464 tepens
803 1383 1123 1445 instillatus
1160 1383 1410 1445 auribus
1439 1383 1705 1444 dolorem
1734 1386 1926 1463 prime
1956 1384 2126 1445 tollit.
2180 1384 2364 1447 Sene-

334 1474 522 1533 cionis
575 1472 797 1534 herbae
853 1490 1035 1535 sucus
1085 1474 1294 1534 itidem
1340 1472 1586 1534 auribus
1632 1474 1896 1534 insertus
1943 1474 2191 1534 eandem
2237 1474 2364 1535 effi-

332 1563 556 1623 caciam
610 1569 899 1645 praestat,
957 1562 1115 1642 quod
1171 1561 1244 1622 ab
1301 1570 1549 1642 experto
1606 1564 1895 1642 scriptum
1943 1570 2005 1623 et
2055 1563 2364 1643 proditum

227 1664 295 1713 29
335 1659 443 1712 est.
519 1651 585 1711 Si
628 1652 895 1713 auricula
942 1651 1140 1731 aliquo
1177 1659 1353 1731 pacto
1391 1653 1592 1712 vitiata
1629 1651 1828 1732 fuerit,
1876 1654 2151 1712 anserina
2188 1652 2365 1731 adipe
2397 1670 2448 1711 ιε

225 1753 295 1803 30
332 1740 531 1801 infusa
578 1740 896 1820 diligenter
942 1739 1372 1819 expurgabitur
1420 1742 1776 1819 sanitatique
1821 1740 2122 1801 reddetur.
2212 1741 2365 1802 Con-

330 1831 548 1909 positio
594 1829 1004 1890 medicaminis
1050 1829 1123 1890 ad
1162 1831 1360 1890 omnia
1397 1829 1523 1888 fere
1560 1831 1796 1889 aurium
1833 1831 1974 1890 vitia
2011 1832 2126 1891 sic:
2169 1829 2366 1891 Mellis

331 1920 684 2001 sextarium,
731 1921 885 1980 aceti
929 1918 1082 1979 bene
1130 1920 1285 1979 acris
1332 1917 1659 1999 heminam,
1718 1918 1951 1979 radices
1998 1936 2150 1998 quae
2199 1937 2362 1980 man-

332 2007 628 2068 ducantur
684 2016 811 2068 tres
869 2009 1072 2068 mittes
1127 2009 1188 2067 in
1245 2006 1421 2067 ollam
1489 2007 1701 2067 rudem
1763 2007 1918 2068 bene
1982 2007 2188 2088 lotam,
2255 2007 2365 2069 sed

331 2096 643 2156 mundatas
698 2103 761 2156 et
814 2093 1076 2175 integras
1131 2095 1364 2155 radices
1410 2099 1612 2157 mittes
1658 2103 1719 2156 et
1762 2098 1989 2175 pariter
2035 2096 2365 2178 decoques;
2392 2114 2445 2154 20

332 2183 436 2245 sed
484 2193 552 2245 ut
596 2202 717 2244 non
763 2182 1153 2260 refrigeretur
1199 2184 1588 2265 medicamen,
1639 2186 1818 2246 citato
1865 2187 2004 2263 igne
2050 2204 2242 2265 usque
2290 2187 2362 2246 ad

330 2271 572 2344 modum
619 2273 731 2334 luti
775 2274 1102 2351 aquatioris
1152 2273 1548 2355 decoquatur,
1603 2273 1817 2334 deinde
1865 2292 2001 2335 cum
2048 2274 2364 2354 refrigera·

330 2365 464 2423 tum'
514 2361 715 2441 fuerit,
773 2361 994 2422 condes
1040 2361 1187 2422 illud
1233 2365 1297 2422 in
1344 2361 1581 2423 vasculo
1628 2364 1816 2424 vitreo
1864 2382 1933 2423 ac
1981 2364 2363 2444 tepefactum,

332 2450 615 2530 quamdiu
671 2449 937 2511 dolorem
994 2458 1054 2511 et
1099 2452 1384 2512 tinnitum
1431 2452 1520 2512 vel
1569 2453 1832 2512 sonitum
1877 2451 2178 2514 auriculae
2223 2472 2362 2532 per-

224 2552 292 2600 31
330 2539 538 2615 leniat,
589 2541 652 2600 in
698 2557 905 2600 aurem
951 2539 1024 2600 de
1071 2538 1317 2619 specillo
1364 2540 1659 2602 infundes
1749 2540 2066 2602 Infirmatis
2113 2541 2363 2603 auribus
2390 2556 2440 2598 25

329 2628 577 2707 prodest
612 2630 934 2707 praecipue
971 2630 1122 2707 picis
1159 2629 1290 2710 ssoS‚
1321 2648 1500 2708 quem
1527 2629 1861 2709 pisselaeon
1891 2630 2103 2692 Graeci
2128 2640 2362 2712 vocant,

332 2735 469 2778 cum
525 2716 655 2778 oleo
712 2718 1016 2779 communi
1074 2719 1320 2797 mixtuS,
1384 2720 1467 2778 ita
1535 2726 1603 2778 ut
1656 2722 1833 2779 tertia
1896 2737 2035 2799 pars
2091 2721 2171 2780 sit
2227 2719 2361 2783 olei.

329 2805 478 2867 Nam
525 2814 584 2867 et
632 2805 899 2867 dolorem
936 2806 1103 2867 sedat
1142 2812 1202 2866 et
1239 2824 1360 2866 non
1398 2808 1658 2885 patietur
1701 2810 2192 2886 suppurationem
2231 2810 2363 2870 fieri

330 2902 391 2956 et
429 2897 480 2955 si
517 2895 671 2957 facta
709 2896 909 2975 fuerit,
952 2894 1160 2955 eodem
1200 2895 1589 2956 medicamine
1626 2904 1997 2976 persanatur.
2071 2896 2159 2957 Ad
2200 2916 2360 2959 sum-

331 3002 486 3044 mam
533 3002 642 3063 ego
689 2986 818 3064 ipse
866 2984 968 3045 diu
1016 2991 1263 3045 vexatus
1311 2986 1474 3045 auris
1519 2985 1745 3063 taedio,
1800 3004 1937 3046 cum
1984 2986 2189 3047 multis
2237 2989 2361 3048 fru·
2390 3002 2441 3042 so

331 3081 452 3134 stra
511 3091 656 3134 usus
713 3090 909 3134 essem
964 3072 1436 3148 medicamentis,
1501 3073 1573 3133 ab
1637 3074 1752 3135 hoc
1818 3093 1950 3136 sum
2004 3083 2362 3155 persanatus

331 3168 392 3222 et
456 3161 600 3222 alios
657 3161 976 3241 conplures
1041 3164 1256 3222 sanavi.
1350 3161 1588 3223 Florem
1644 3170 1843 3224 autem
1896 3166 2047 3243 picis
2109 3164 2362 3247 appello,

332 3252 435 3330 qui
505 3253 827 3333 excipitur,
890 3250 1032 3312 dum
1088 3268 1156 3310 ea
1222 3253 1526 3333 coquitur,
1590 3250 1720 3313 lana
1786 3255 2165 3333 superposita
2231 3257 2363 3317 eius

331 3342 560 3421 vapori3
605 3339 719 3400 hoc
767 3341 945 3400 etiam
992 3357 1229 3419 gravem
1279 3339 1524 3401 odorem
1571 3340 1643 3401 de
1692 3360 1834 3402 aure
1870 3344 2149 3422 protinus
2188 3343 2361 3405 tollit.

473 3483 505 3532 6
541 3476 726 3531 mulso
764 3471 884 3531 om.
1028 3480 1113 3529 ’12
1161 3475 1367 3547 prime]
1415 3475 1668 3546 apprime
1708 3474 2028 3534 Coi-narius.
2212 3479 2364 3534 seni·

331 3547 523 3602 cionis.
636 3552 701 3602 15
740 3546 1017 3602 ansarina.
1126 3551 1194 3600 22
1224 3546 1356 3617 luti]
1395 3547 1501 3602 liti.
1608 3552 1678 3603 25
1706 3547 1929 3618 spicilli.
2041 3548 2360 3607 infirmitas.

331 3624 397 3672 31
443 3636 565 3672 sum
600 3617 958 3690 persanatus]
1001 3634 1169 3689 super
1205 3620 1451 3674 sanatus.
