2575 4092
28 836 73 843 ν

1032 287 1473 363 ’.37-

242 479 378 523 cum
436 460 611 522 melle
667 463 852 522 mixto
909 462 974 523 in
1026 460 1237 523 balneo
1299 461 1450 523 lava:
1515 448 1715 523 statim
1772 461 2029 525 cessabit
2083 462 2269 525 dolor.

240 549 423 611 lntibi
479 552 718 611 contusi
772 568 984 611 sucum
1040 549 1171 612 oleo
1225 568 1471 612 rosaceo
1527 558 1589 612 et
1642 558 1809 613 aceto
1864 554 1989 613 acri
2037 552 2269 632 aequali
2308 564 2377 614 92

241 656 523 700 mensura
568 640 821 701 mixtum
868 641 1048 720 capiti
1090 638 1415 701 laborantis
1461 640 1728 701 infunde.
1819 639 2163 720 Serpullum
2210 643 2273 703 in
2311 650 2379 704 98

244 735 411 789 aceto
469 728 786 790 decoctum
841 727 1027 790 fronti
1083 727 1408 789 laborantis
1462 728 1711 790 infunde
1765 728 1858 790 vel
1905 729 2279 809 temporibus

194 833 220 874 5
244 818 515 896 inponito
562 824 624 878 et
668 819 720 878 si
770 835 1015 880 somnus
1067 816 1329 878 difficilis
1367 825 1483 899 est,
1529 816 1660 879 0160
1697 817 2065 898 amygdalino
2102 826 2281 899 caput

244 924 530 986 perunge.
604 904 784 967 Betae
820 907 1026 986 nigrae
1063 924 1245 968 sucus
1286 905 1654 985 temporibus
1693 904 1950 969 dolentis
1977 908 2273 988 inpositus
2316 919 2389 970 94

247 997 464 1056 mirum
522 995 853 1056 remedium
908 1002 1016 1056 est.
1107 994 1326 1057 Rutam
1381 994 1632 1056 viridem
1675 996 1878 1056 tritam
1924 1014 2060 1057 cum
2107 1004 2278 1059 aceto
2316 1007 2388 1059 95

246 1085 540 1145 acerrimo
588 1091 649 1144 et
694 1082 825 1145 oleo
868 1101 1112 1146 rosaceo
1152 1082 1385 1164 aequali
1421 1101 1702 1145 mensura
1738 1091 1868 1146 toto
1904 1086 2085 1165 capiti
2121 1083 2282 1147 labo·

246 1175 436 1234 rantis
493 1172 758 1233 infunde.
831 1172 1012 1234 Lauri
1057 1172 1235 1234 bacas
1279 1170 1509 1254 XXXV,
1563 1174 1791 1253 piperis
1836 1190 2019 1252 grana
2065 1170 2281 1234 XXXV
2316 1185 2385 1237 90

167 1279 221 1319 ιο
249 1269 378 1323 tere
427 1270 487 1322 et
530 1262 704 1323 tritas
750 1279 888 1323 cum
935 1264 1031 1322 ovi
1074 1261 1207 1322 albo
1256 1259 1618 1340 temperabis
1672 1269 1735 1324 et
1778 1262 1964 1324 fronti
2010 1264 2282 1342 inpones.

251 1349 401 1411 Ossa
448 1350 522 1411 de
557 1351 812 1430 persicis
854 1352 1034 1412 etiam
1071 1350 1376 1411 duracinis
1412 1350 1653 1429 franges
1689 1358 1751 1412 et
1785 1350 2034 1413 nucleos
2070 1368 2280 1414 eorum
2316 1361 2385 1415 97

248 1437 495 1517 colliges
541 1448 603 1500 et
648 1438 899 1501 siccabis
947 1441 1011 1500 111
1055 1438 1268 1500 umbra
1317 1446 1378 1500 et
1423 1457 1561 1500 cum
1607 1457 1854 1502 necesse
1891 1439 2095 1521 fuerit,
2140 1457 2280 1502 cum

249 1530 347 1588 ovi
393 1526 525 1588 albo
573 1528 932 1607 temperabis
977 1534 1039 1589 61
1074 1527 1259 1589 fronti
1297 1529 1746 1608 superinpones.
1824 1527 2016 1609 Caput
2051 1530 2104 1590 si
2141 1529 2277 1610 quis
2313 1539 2361 1591 9!

250 1619 337 1677 516
386 1615 673 1699 doluerit,
726 1624 796 1678 ut
840 1617 1103 1679 medium
1147 1617 1295 1678 findi
1337 1616 1639 1698 videatur,
1691 1616 1948 1679 hederae
1995 1624 2282 1679 contusae

167 1719 220 1763 15
252 1723 468 1767 sucum
513 1723 624 1785 per
667 1705 977 1767 linteolum
1024 1705 1342 1768 delicatum
1386 1705 1677 1766 mundum
1722 1707 2013 1786 exprimat
2054 1712 2117 1767 et
2151 1703 2282 1766 oleo

251 1797 432 1856 etiam
477 1811 723 1856 rosaceo
771 1794 1093 1856 admisceat
1137 1801 1200 1856 et
1244 1796 1331 1856 sic
1367 1793 1627 1855 frontem
1665 1801 1725 1855 et
1761 1801 2028 1874 tempora
2065 1811 2283 1874 perun·

251 1891 350 1963 gat
388 1891 451 1944 et
487 1883 739 1944 cerebro
777 1892 839 1944 et
873 1882 1120 1945 naribus
1155 1883 1296 1944 inde
1325 1890 1386 1944 et
1415 1880 1700 1944 auriculis
1727 1881 2016 1945 infundat.
2092 1881 2282 1961 Caput
2319 1893 2387 1945 99

252 1973 306 2033 si
352 1990 426 2033 ex
462 1972 685 2052 frigore
724 1971 999 2054 doluerit,
1035 1981 1409 2051 unguentum
1446 1972 1670 2033 irinum
1707 1990 1846 2033 cum
1882 1970 2013 2032 oleo
2050 1970 2284 2033 laurino

249 2063 438 2122 misce
485 2068 548 2122 et
594 2060 943 2123 calefactum
990 2060 1240 2122 cerebro
1283 2060 1651 2140 superfunde
1698 2067 1760 2122 et
1804 2062 2053 2140 insuper
2091 2060 2283 2122 lanam

168 2163 224 2202 20
251 2158 496 2211 unctam
552 2151 711 2210 cirea
766 2159 946 2230 caput
1000 2168 1172 2242 pone.
1266 2147 1333 2210 Si
1377 2151 1478 2211 cui
1521 2149 1682 2210 nulla
1731 2149 1805 2211 de
1851 2168 2029 2212 causa
2075 2149 2275 2212 subito
2290 2162 2390 2213 100

252 2244 434 2318 caput
480 2244 542 2299 et
587 2246 856 2318 tempora
903 2237 1230 2319 doluerint,
1284 2255 1485 2319 myrra
1532 2256 1603 2300 ex
1650 2240 1788 2299 vino
1833 2241 2095 2300 crassius
2142 2239 2285 2300 trita

250 2335 524 2406 tempora
581 2326 831 2408 oblinat,
887 2327 981 2388 vel
1036 2326 1229 2388 fabam
1284 2327 1504 2388 fresam
1558 2329 1622 2388 in
1678 2345 1831 2407 aqua
1876 2329 2046 2407 prius
2093 2345 2285 2389 mace·

251 2425 469 2498 ratam,
521 2423 726 2495 postea
773 2419 835 2477 in
881 2417 1018 2476 vino
1057 2416 1362 2476 decoctam
1399 2417 1602 2476 tritam
1647 2414 1800 2477 bene
1847 2415 2058 2477 inlinat
2105 2416 2287 2476 fronti

252 2506 348 2566 vel
394 2503 573 2565 bacas
619 2504 772 2566 lauri
817 2506 1011 2584 inpari
1057 2522 1308 2565 numero
1355 2511 1624 2565 conterat
1675 2506 1870 2586 prius,
1926 2504 2140 2566 deinde
2188 2503 2286 2564 ad-

169 2604 224 2646 25
254 2596 442 2655 mixto
500 2592 628 2654 oleo
686 2593 1028 2672 diligentius
1085 2600 1240 2654 terat
1304 2593 1377 2667 ad
1432 2594 1623 2653 instar
1678 2591 1909 2673 collyrii
1964 2600 2024 2654 et
2079 2599 2287 2672 postea

250 2686 317 2743 in
353 2682 523 2743 fictili
571 2681 875 2744 calefaciat
921 2700 1112 2762 eoque
1160 2690 1340 2761 caput
1383 2681 1685 2760 perfricet.
1758 2680 2039 2760 Purgatio
2079 2691 2276 2742 autem
2291 2693 2391 2744 101

252 2773 487 2852 capitiS,
533 2789 609 2832 ne
657 2788 837 2851 supra
886 2773 1106 2850 scripta
1152 2778 1492 2850 nascantur,
1538 2769 1853 2831 utilissima
1890 2769 2084 2832 fertur
2122 2769 2287 2851 haec,

251 2863 304 2922 si
350 2861 563 2941 hysopi
610 2868 713 2920 aut
759 2862 987 2938 origani
1033 2858 1475 2920 summitatibus
1522 2860 1797 2919 contritis
1843 2866 1904 2919 et
1951 2876 2023 2920 ex
2058 2857 2287 2919 mulsae

252 2967 445 3029 aquae
493 2948 683 3029 cotyla
730 2948 973 3010 dimidia
1019 2949 1207 3009 coctis
1253 2964 1320 3008 os
1367 2947 1614 3008 adsidue
1664 2945 1980 3008 conlueris.
2056 2945 2279 3026 Capitis
2293 2959 2393 3010 102

173 3047 226 3088 80
255 3038 463 3100 ulcera
530 3039 647 3099 cito
706 3045 1017 3118 sanantur,
1083 3038 1134 3097 si
1192 3054 1337 3097 suco
1394 3036 1467 3096 de
1524 3034 1696 3096 betae
1750 3036 1949 3096 radice
2005 3053 2287 3116 expresso

253 3133 439 3207 caput
484 3128 546 3187 in
592 3125 803 3186 balneo
850 3126 1225 3205 perfricetur.
1312 3123 1374 3184 Si
1422 3126 1522 3185 cui
1565 3127 1628 3185 in
1675 3125 1869 3204 capite
1915 3123 2127 3186 tubera
2174 3138 2390 3188 na-103

253 3223 537 3297 scuntur,
604 3217 877 3293 cupressi
941 3215 1118 3276 bacas
1177 3213 1399 3274 virides
1464 3214 1525 3274 in
1590 3215 1726 3274 vino
1783 3213 2060 3275 decoctas
2115 3215 2287 3276 tritas

254 3302 573 3366 tuberibus
620 3305 892 3384 adponat,
937 3306 1019 3363 ita
1065 3312 1133 3364 ut
1177 3320 1286 3381 per
1333 3301 1461 3363 dies
1508 3303 1772 3382 quinque
1818 3303 1882 3362 in
1929 3304 2121 3383 capite
2163 3301 2285 3362 alli·

254 3400 459 3472 gatum
500 3399 559 3453 et
597 3393 893 3471 signatum
931 3391 1299 3452 medicamen
1334 3396 1594 3472 maneat3
1642 3397 1778 3470 post
1815 3390 1974 3452 diem
2012 3392 2289 3471 quintum

175 3497 227 3538 sa
255 3481 445 3543 solvat
492 3500 560 3543 ac
598 3490 848 3542 renovet
893 3488 953 3542 et
998 3481 1131 3562 hoc,
1178 3482 1231 3540 si
1276 3497 1520 3540 necesse
1558 3479 1757 3559 fuerit,
1803 3485 1897 3538 ter
1934 3487 2038 3539 aut
2075 3485 2288 3558 quater

314 3589 316 3592 ’
405 3605 433 3653 1
475 3598 735 3655 cessauit.
887 3603 953 3652 10
990 3597 1083 3653 ovi
1119 3598 1347 3667 scripsi.-
1384 3612 1505 3653 ovo,
1650 3601 1716 3649 14
1752 3595 2020 3666 hederae]
2061 3595 2287 3652 habere.

258 3675 326 3724 15
361 3670 558 3726 linteo.
702 3675 772 3725 20
811 3669 977 3725 circu.
1122 3673 1191 3722 28
1227 3666 1444 3722 mulsae
1481 3666 1686 3737 aquae]
1725 3665 2036 3733 mulsaque.
