2575 4092
1108 224 1590 289 —172--

228 403 296 451 14
514 388 880 449 Centaureae
927 389 1126 449 tenuis
1174 405 1383 469 sucUS,
1439 393 1726 465 quantum
1782 402 1906 446 nux
1960 384 2220 445 avellana
2276 403 2370 446 re·

335 479 506 558 cipit,
562 495 697 538 cum
756 494 906 556 aqua
961 474 1152 537 mulsa
1208 475 1382 536 datus
1440 474 1530 535 vel
1585 473 1867 535 iantbidis
1911 473 2158 556 herbae,
2214 491 2369 552 quae

335 565 553 626 umidis
599 566 747 626 locis
795 566 1080 645 nascitur,
1127 566 1308 625 unius
1349 565 1585 626 fruticis
1623 563 1762 623 folia
1799 565 1940 623 trita
1978 581 2113 623 cum
2153 562 2368 642 cyatho

333 673 521 734 aquae
569 655 702 715 data
749 656 1097 734 suspiriosis
1142 654 1468 733 plurimum
1505 659 1787 733 prosunt3
1829 653 1963 711 vino
2003 654 2093 713 uti
2130 660 2370 731 oportet

334 745 714 825 suspiriosoS,
751 745 814 804 in
854 761 971 822 quo
1010 750 1385 823 centaureae,
1423 740 1701 821 absinthi,
1749 742 1976 820 origani
2022 748 2082 801 31
2118 742 2370 819 tragori-
2399 757 2425 798 5

333 835 469 911 gani
515 841 575 893 et
618 833 830 912 hysopi
890 839 951 892 et
996 831 1185 910 thymi
1240 839 1302 892 et
1345 830 1508 910 pulei
1554 838 1613 891 et
1660 837 1830 891 rutae
1876 829 2145 891 fasciculi
2189 832 2371 891 tertia

229 935 294 984 15
334 921 602 983 detracta
649 922 875 982 fuerint
919 919 1170 981 decocti.
1255 920 1538 999 Cupressi
1583 918 1802 998 pilulae
1848 920 2023 979 tritae
2069 925 2244 997 potae
2294 937 2371 979 ex

332 1012 468 1071 vino
524 1011 754 1071 faciunt
809 1009 964 1070 bene
1020 1027 1141 1069 non
1197 1008 1391 1069 solum
1451 1008 1522 1068 ad
1584 1009 1943 1087 suspirium,
2007 1006 2110 1068 sed
2178 1014 2239 1066 et
2294 1007 2368 1068 ad

330 1100 614 1160 iocineris
662 1107 724 1160 et
767 1099 1028 1177 pectoris
1075 1104 1137 1157 et
1176 1096 1383 1158 vulvae
1420 1096 1708 1181 dolorem,
1754 1098 1806 1157 si
1843 1096 2080 1157 feminis
2121 1095 2370 1179 dentur3
2499 1175 2512 1185 ,

331 1187 469 1248 folia
517 1195 715 1248 autem
765 1185 1032 1248 eiusdem
1079 1204 1215 1247 cum
1264 1194 1400 1246 ruta
1445 1187 1587 1247 trita
1643 1194 1705 1246 et
1758 1193 1896 1265 pota
1942 1185 2205 1264 pectoris
2251 1184 2364 1246 tol·
2396 1204 2452 1243 10

329 1276 464 1338 lunt
517 1275 809 1355 dolorem,
867 1273 1142 1335 similiter
1196 1283 1404 1335 cortex
1462 1283 1522 1335 et
1576 1275 1746 1335 radix
1803 1275 2075 1353 cupressi
2121 1273 2369 1335 decocta

332 1365 404 1425 ad
454 1365 658 1425 eadem
705 1373 987 1445 prosunt,
1034 1363 1136 1424 sed
1188 1364 1415 1424 faciunt
1460 1372 1520 1425 et
1566 1363 1639 1424 ad
1685 1362 2033 1442 falangionis
2080 1380 2370 1445 morsum,

331 1455 383 1514 si
431 1454 805 1534 extrinsecus
851 1454 1215 1533 inponantur
1259 1453 1567 1532 emplastri
1613 1469 1779 1513 more
1828 1452 2151 1530 conposita.

227 1556 293 1606 16
511 1543 760 1604 Acetum
809 1561 883 1602 ex
930 1540 1130 1603 scillae
1177 1540 1360 1602 bulbo
1407 1542 1628 1603 factum
1680 1542 1928 1602 mirifice
1975 1540 2221 1620 prodest
2269 1558 2366 1601 su·

332 1633 630 1713 spiriosis3
695 1631 970 1692 similiter
1024 1638 1258 1692 acetum
1316 1648 1390 1691 ex
1444 1629 1675 1710 thymo,
1734 1631 1980 1708 origano
2040 1628 2363 1709 puleioque
2392 1647 2448 1689 15

229 1734 293 1783 17
334 1720 672 1782 confectum
710 1720 974 1799 prodest,
1010 1721 1063 1780 si
1100 1719 1346 1780 adsidue
1385 1718 1754 1797 degustetur.
1815 1717 2002 1779 Utiles
2040 1726 2181 1779 sunt
2208 1720 2369 1779 inter

331 1810 501 1870 initia
551 1810 817 1888 quamvis
863 1807 1112 1869 molesta
1160 1809 1508 1886 suspiriosis
1546 1807 1904 1868 sorbitiones
1942 1807 2016 1867 de
2052 1825 2235 1885 porro
2273 1825 2369 1868 ca·

331 1900 519 1976 pitato
558 1898 747 1959 factae
786 1905 847 1958 et
884 1916 956 1958 ex
985 1898 1178 1958 urtica
1216 1905 1395 1975 atque
1434 1899 1723 1958 nasturcii
1761 1897 2004 1957 semine.
2060 1894 2368 1975 Perungui

334 1995 532 2048 autem
576 2005 693 2065 eos
749 1993 986 2064 oportet
1041 1984 1224 2046 rebus
1285 1984 1796 2065 calefacientibus,
1860 1993 2024 2046 certe
2079 1984 2367 2064 pyrethro

334 2094 471 2136 011111
517 2074 647 2136 0130
695 2074 970 2153 decoct03
1026 2075 1388 2151 gestationes
1437 2092 1675 2153 quoque
1722 2092 1831 2154 per
1875 2074 2028 2133 viam
2077 2081 2367 2152 myrteam
2395 2091 2456 2132 so

331 2170 587 2241 prosunt
641 2170 702 2222 et
755 2163 808 2222 si
853 2179 1036 2240 super
1081 2161 1353 2222 lecticam
1401 2162 1494 2222 vel
1546 2180 1727 2242 snper
1773 2162 1995 2224 lectum
2042 2163 2370 2241 suspenda-

229 2264 294 2314 18
334 2260 434 2311 tur
480 2249 598 2311 illis
645 2257 902 2331 myrtus,
951 2250 1216 2311 remedio
1264 2252 1397 2311 erit.
1488 2250 1576 2311 Ad
1625 2252 1988 2330 suspiriosos
2035 2251 2370 2313 remedium

334 2338 617 2400 salutare:
657 2337 939 2418 Spumam
980 2338 1054 2399 de
1092 2357 1195 2399 ore
1232 2338 1429 2399 mulae
1467 2338 1677 2419 collige
1716 2348 1777 2401 et
1815 2342 1876 2400 111
1914 2339 2159 2401 calicem
2193 2341 2370 2401 mitte

334 2436 512 2507 atque
570 2447 640 2488 ex
697 2446 848 2507 aqua
903 2426 1090 2488 calida
1146 2429 1269 2487 sive
1326 2429 1453 2488 viro
1511 2446 1617 2489 seu
1673 2428 1954 2509 feminae,
2012 2446 2163 2507 quae
2209 2427 2369 2490 hanc

332 2516 662 2578 molestiam
690 2518 934 2597 patitur,
964 2518 1248 2577 continuo
1279 2516 1352 2576 da
1381 2515 1725 2599 bibendam3
1758 2517 1935 2578 homo
1967 2519 2166 2578 statim
2195 2535 2369 2579 sana·
2400 2534 2459 2576 85

230 2621 293 2669 19
333 2605 525 2686 bitur,
582 2605 685 2666 sed
744 2604 902 2666 mula
958 2606 1267 2666 morietur.
1359 2605 1447 2665 Ad
1505 2608 1867 2685 suspiriosos
1927 2606 2221 2667 sanandos
2285 2607 2372 2668 fel

334 2696 608 2755 ursinum
654 2712 806 2773 aqua
853 2692 1104 2755 dilutum
1153 2692 1478 2754 bibendum
1527 2696 1750 2774 optime
1789 2695 1980 2775 datur,
2026 2697 2182 2755 intra
2219 2713 2371 2774 pau·

226 2794 297 2844 20
336 2801 438 2843 cos
493 2785 653 2843 enim
710 2782 837 2842 dies
893 2790 1169 2861 potenter
1225 2783 1515 2844 medetur.
1607 2783 1694 2843 Ad
1752 2784 2112 2862 suspiriosos
2173 2802 2372 2845 reme·

332 2871 497 2933 dium
545 2879 786 2950 potens:
831 2869 1063 2931 Herbae
1115 2870 1391 2933 salutaris
1437 2871 1788 2933 fasciculum
1826 2880 1887 2933 et
1923 2872 2171 2933 ficorum
2211 2872 2372 2933 Afri-

334 2978 619 3021 canorum
665 2959 969 3020 aridorum
1015 2959 1294 3021 selibram
1341 2979 1414 3020 ex
1451 2978 1637 3039 aquae
1675 2960 1928 3021 fluvialis
1965 2961 2222 3021 heminis
2260 2964 2370 3023 tri·
2401 2978 2461 3018 ao

334 3048 446 3108 bus
486 3048 803 3129 decoquito
842 3048 913 3108 ad
952 3047 1249 3109 heminam
1287 3066 1537 3128 eamque
1576 3050 1744 3127 potui
1778 3050 1913 3111 dato
1940 3068 2051 3128 per
2078 3049 2372 3113 triduum.

228 3149 294 3198 21
512 3137 601 3197 Ad
650 3137 955 3215 sanguinis
1003 3139 1378 3217 eruptionem
1428 3139 1551 3198 sive
1599 3156 1671 3198 ex
1709 3141 1925 3199 arteria
1962 3140 2084 3199 sive
2124 3157 2195 3198 ex
2235 3138 2370 3217 pul·
2469 3166 2517 3206 ρ

333 3244 508 3287 1110113
556 3224 649 3286 vel
695 3232 939 3305 pectore
977 3224 1128 3286 bene
1168 3226 1311 3286 facit
1349 3225 1645 3305 symphyti
1682 3226 1867 3309 radix,
1906 3244 2081 3305 quam
2122 3227 2370 3305 quidam

508 3385 544 3433 4
582 3378 797 3447 oportit
842 3378 977 3445 (fere
1019 3364 1265 3447 semper).
1448 3384 1480 3433 6
1516 3378 1693 3447 ysopi.
1877 3385 1908 3434 ’1
1946 3379 2226 3452 detracta]
2275 3397 2368 3436 re·

329 3451 530 3505 tracta,
604 3450 857 3572 Apparet
900 3449 1048 3504 hune
1097 3449 1274 3504 locum
1320 3449 1538 3537 aliquotN
1573 3450 1749 3505 verbis
1793 3451 2006 3532 omissis
2041 3456 2369 3536 corruptwp

329 3537 452 3577 esse.
557 3527 624 3575 14
700 3521 912 3575 ulbum.
1021 3524 1088 3574 18
1125 3535 1444 3590 perungeri.
1554 3526 1621 3575 26
1661 3536 2013 3589 suspiriosus.
2125 3527 2190 3576 31
2224 3538 2367 3578 emi·

330 3607 477 3645 nam.
624 3595 691 3645 33
732 3590 1025 3661 sympeut-i.
