2575 4092
229 2462 298 2511 20

1134 246 1570 311 „56-

333 421 451 492 aut,
499 410 654 491 quod
708 410 921 472 melius
969 418 1086 491 est,
1133 427 1246 489 gen
1291 409 1611 488 ampelitim
1660 408 1933 468 similiter
1976 400 2209 491 {tritam,
2254 427 2361 487 pro

335 518 450 580 qua
499 499 757 560 diximus
804 501 997 578 picem
1045 498 1338 560 Bruttiam
1386 500 1541 558 mitti
1588 497 1825 579 debere,
1871 498 2009 576 quia
2056 514 2128 575 ge
2168 515 2361 577 ampe-

333 589 453 650 litis
499 607 638 649 vera
686 587 925 648 difficile
972 590 1300 668 invenitur3
1348 586 1442 646 his
1490 586 1705 647 additis
1753 604 1886 646 cum
1935 587 2199 665 coeperit
2246 605 2360 645 me-

334 677 604 739 dicamen
651 675 803 738 bene
852 679 1213 756 permixtum
1252 694 1403 757 esse,
1451 693 1647 736 ceram
1688 674 1877 735 rufam
1917 693 2026 754 pro
2064 674 2257 755 modo,
2296 683 2362 735 ut

335 784 514 845 supra
579 768 869 845 scriptum
934 774 1051 847 est,
1115 773 1320 844 postea
1378 766 1637 825 resinam
1700 765 1990 842 pituinam
2055 765 2360 824 remissam
2389 776 2416 818 5

335 855 555 916 adicies
611 873 845 915 necnon
901 861 961 915 et
1019 856 1274 914 resinam
1335 852 1703 914 colofoniam.
1771 850 1914 913 Post
1958 852 2105 912 haec
2160 854 2363 912 mittes

335 945 764 1005 ammoniacum
813 943 1151 1023 thymiama,
1196 942 1256 1003 id
1308 950 1401 1002 est
1446 949 1670 1021 guttam
1717 939 1870 1001 bene
1916 943 2114 1002 tritam
2154 949 2214 1002 et
2251 943 2363 1001 cri-

334 1031 626 1113 bellatam,
659 1040 796 1110 post
833 1031 1014 1092 addes
1052 1030 1279 1110 lepidos
1318 1030 1528 1092 chalcu
1569 1048 1799 1090 necnon
1830 1038 1891 1091 et
1917 1028 2127 1090 chalcu
2156 1047 2361 1090 cecan-

334 1139 534 1200 menu‚
554 1120 769 1180 deinde
790 1120 970 1180 addes
993 1119 1217 1199 milton,
1238 1119 1452 1180 deinde
1473 1118 1809 1199 diphrygeS,
1834 1118 2047 1179 deinde
2069 1117 2363 1198 chalcitim

333 1217 540 1288 postea
579 1208 993 1269 chalcanthum
1032 1216 1092 1269 et
1121 1206 1510 1290 psimithium,
1554 1217 1689 1286 post
1723 1207 1870 1268 haec
1909 1207 2089 1267 addes
2125 1206 2363 1268 libauon
2393 1221 2445 1261 ιο

334 1298 566 1378 leucon,
596 1296 779 1358 idest
806 1305 902 1358 tus
934 1296 1130 1358 album
1161 1306 1219 1357 et
1248 1315 1526 1378 myrram,
1556 1306 1615 1357 et
1643 1295 1830 1377 aloen,
1860 1314 2043 1375 super
2062 1296 2156 1356 his
2177 1298 2362 1356 omni-

335 1386 449 1447 bus
478 1385 658 1447 addes
687 1387 945 1446 resinam
975 1385 1435 1446 terebinthinam
1461 1394 1519 1446 et
1548 1384 1863 1464 galbanum
1894 1393 1953 1445 et
1981 1385 2069 1445 lac
2091 1385 2181 1445 vel
2202 1403 2364 1444 umo-

336 1493 462 1535 rem
510 1477 749 1554 panacis
762 1521 780 1554 ,
827 1474 887 1535 id
935 1482 1027 1536 est
1073 1493 1489 1554 opopanacem.
1566 1472 1681 1534 Sed
1729 1492 1938 1534 omnes
1982 1473 2088 1534 has
2136 1475 2365 1553 species

335 1563 668 1643 praedictas
698 1566 920 1642 optime
950 1565 1122 1624 tritas
1151 1572 1210 1623 et
1231 1562 1565 1624 cribellatas
1588 1565 1824 1624 mittere
1846 1561 2090 1623 debebis
2111 1562 2182 1623 ad
2203 1580 2365 1623 men·

337 1670 536 1713 suram
585 1651 676 1712 vel
722 1660 924 1731 partes
972 1671 1151 1731 supra
1201 1654 1480 1731 scriptaS,
1538 1661 1717 1731 prout
1765 1651 2025 1712 volueris
2071 1651 2365 1712 conficere
2394 1666 2449 1708 15

336 1741 744 1802 medicaminis
783 1744 1040 1822 copiam3
1078 1760 1230 1821 quae
1269 1759 1405 1801 cum
1436 1743 1630 1801 omnia
1660 1739 1813 1801 bene
1843 1742 2024 1800 mixta
2053 1740 2278 1800 fuerint
2306 1747 2367 1801 et

335 1829 487 1890 bene
518 1831 748 1910 agitata,
778 1830 951 1890 ollam
981 1830 1119 1891 tolle
1150 1830 1222 1890 de
1253 1831 1385 1890 foco
1415 1836 1475 1890 et
1504 1829 1716 1890 deinde
1746 1828 1935 1889 calido
1965 1829 2155 1890 adhuc
2181 1829 2364 1889 medi-

336 1920 553 1980 camini
581 1917 799 1979 herbas
829 1937 1008 1997 supra
1039 1920 1293 1998 scriptas
1321 1918 1473 1979 bene
1505 1920 1675 1979 tritas
1714 1925 1774 1979 et
1805 1916 2139 1978 cribellatas
2169 1918 2364 1979 infun-

336 2006 457 2067 des.
524 2006 710 2066 Immo
751 2025 925 2067 manu
966 2005 1058 2067 vel
1094 2006 1295 2086 digitis
1337 2006 1780 2068 moderantibus
1818 2005 2097 2086 paulatim
2135 2008 2365 2085 insper-

335 2112 439 2173 ges
477 2103 537 2154 et
575 2095 821 2155 adsidue
861 2094 1222 2174 spathomela
1261 2095 1659 2156 commovebis
1689 2104 1749 2156 et
1786 2094 2193 2176 permiscebiS,
2228 2105 2368 2174 post
2396 2109 2450 2149 20

334 2182 480 2242 haec
519 2185 714 2243 omnia
751 2185 951 2244 mittes
981 2183 1176 2244 oleum
1206 2183 1735 2245 chamaemelinum
1759 2192 1818 2245 et
1846 2186 2066 2245 iterum
2093 2187 2219 2263 igni
2245 2203 2366 2245 non

336 2272 516 2330 nimio
557 2271 823 2350 adposita
871 2271 981 2332 olla
1024 2271 1182 2333 lente
1226 2281 1287 2333 et
1324 2272 1606 2353 paulatim
1644 2273 1942 2353 decoques
1980 2273 2368 2355 medicamen,

336 2362 417 2420 ita
464 2367 531 2419 ut
579 2358 725 2420 illud
785 2379 960 2421 manu
1017 2379 1134 2422 non
1194 2364 1529 2441 contingas,
1586 2362 1692 2422 sed
1749 2361 2111 2440 spathomela
2160 2364 2366 2441 agites,

337 2447 620 2509 Confecto
659 2455 857 2509 autem
899 2450 1284 2511 medicamine
1326 2452 1515 2511 uteris
1553 2453 1666 2511 sic:
1713 2450 1800 2510 Ad
1835 2450 2099 2511 dolorem
2138 2457 2365 2530 tempo·

339 2555 471 2598 rum
520 2537 612 2597 vel
660 2539 968 2598 emicranii
1013 2539 1196 2600 linteo
1247 2541 1439 2618 spisso
1478 2538 1727 2600 induces
1766 2540 2264 2601 medicamentum
2304 2548 2364 2600 et
2394 2552 2450 2593 2⁵

339 2628 423 2685 sic
474 2626 655 2687 fronti
701 2626 792 2687 vel
839 2626 1209 2706 temporibus
1258 2628 1536 2707 adpones,
1609 2627 1672 2688 Si
1709 2646 1850 2689 vero
1899 2646 2105 2689 umore
2154 2630 2368 2708 capitis
2425 2678 2430 2682 .

338 2717 779 2797 reumatizantis
840 2716 997 2776 oculi
1053 2716 1482 2797 gravabuntur,
1539 2735 1648 2796 per
1704 2723 1886 2778 totam
1943 2717 2198 2778 frontem
2246 2735 2369 2777 em-

337 2802 626 2882 plastrum
674 2804 984 2865 inductum
1024 2805 1204 2866 linteo
1245 2805 1520 2867 similiter
1556 2808 1825 2885 inpones
1908 2806 1972 2866 Si
2018 2807 2081 2865 in
2119 2805 2367 2867 naribus

336 2892 427 2952 vel
484 2894 545 2952 in
601 2892 847 2954 auribus
903 2893 1072 2954 dolor
1129 2902 1231 2955 aut
1287 2894 1503 2955 vulnus
1563 2895 1745 2955 fuerit
1802 2896 1924 2955 sive
1982 2893 2367 2955 carnulentae

337 2989 515 3042 erunt
570 2991 672 3042 aut
728 2999 898 3043 umor
945 2983 1083 3043 inde
1131 2983 1416 3064 manabit,
1468 2982 1597 3044 oleo
1645 3002 1888 3044 rosaceo
1936 2983 2195 3044 solutum
2241 3002 2364 3044 me·
2393 2999 2455 3040 so

337 3069 604 3130 dicamen
651 3073 933 3132 inmitteS.
1010 3071 1075 3131 Si
1120 3071 1321 3133 fauces
1369 3074 1579 3151 angina
1617 3072 1710 3132 vel
1747 3071 2056 3151 glandulae
2098 3080 2157 3132 et
2194 3091 2367 3151 paro-

335 3157 490 3218 tides
546 3161 968 3237 occupaverint
1014 3169 1115 3221 aut
1166 3162 1409 3239 inguina
1457 3160 1762 3239 paniculae
1811 3163 2257 3242 temptaverint,
2302 3163 2368 3221 in

336 3248 506 3307 initio
553 3247 773 3308 doloris
820 3248 1187 3310 medicamen
1234 3251 1417 3310 linteo
1464 3250 1795 3331 inductum,
1843 3250 1948 3310 sed
1996 3252 2220 3310 siccum
2267 3251 2370 3310 ad-

335 3354 537 3415 pones,
612 3336 778 3397 Facit
825 3345 885 3398 et
930 3338 1000 3398 ad
1052 3338 1275 3417 splenis
1323 3338 1588 3399 dolorem
1628 3338 1783 3400 aluta
1820 3338 2131 3400 inductum
2170 3348 2229 3399 et
2269 3338 2371 3398 ad-

480 3477 508 3524 1
549 3488 647 3542 ges
686 3473 1026 3542 ampelitem.
1147 3476 1374 3544 propter
1413 3491 1597 3542 quam.
1717 3481 1747 3528 2
1787 3490 1901 3544 ges.
2012 3480 2044 3529 9
2084 3474 2368 3545 defryges.

337 3547 368 3596 9
390 3543 646 3598 calciten.
735 3549 800 3597 12
821 3544 1247 3599 terebentinam.
1350 3562 1621 3600 umurem.
1708 3551 1775 3599 20
1796 3544 2112 3615 spatomeli,
2131 3547 2259 3601 item
2279 3551 2371 3601 23.

335 3618 399 3668 21
442 3613 943 3671 chamaemelinum
981 3618 1182 3686 scripsi
1189 3639 1206 3672 .·
1243 3615 1693 3672 chamaemilum.
1839 3621 1907 3671 25
1952 3616 2266 3688 emigranii.
