2575 4092
990 247 1479 311 —301—

393 407 656 469 Rasanus
701 411 764 469 in
810 415 1012 487 partes
1059 409 1275 471 multas
1319 417 1557 470 secatur
1592 417 1653 470 et
1690 407 1810 469 sale
1847 410 2247 471 minutissimo
2286 422 2354 472 69

212 499 588 576 inspergitur
634 515 891 577 cumque
940 497 1043 558 diu
1079 500 1161 558 ita
1197 499 1613 578 permanserit,
1660 516 1912 560 excusso
1951 497 2071 559 sale
2111 517 2249 570 cum

212 584 474 665 oxymeli
528 586 922 647 manducatur
977 595 1039 648 et
1092 604 1273 667 supra
1329 605 1480 666 aqua
1536 589 1764 647 marina
1816 595 2083 669 potatur;
2136 587 2247 648 hae

209 693 315 736 res
352 676 580 735 vomitu
616 676 798 736 citato
836 674 1208 736 stomachum
1246 674 1639 736 saluberrime
1676 684 1951 755 purgant.
2017 675 2248 756 Cymini
2287 690 2355 739 70

155 780 182 820 5
209 762 552 842 Aethiopici
589 766 973 843 semunciam,
1011 763 1177 825 floris
1213 766 1361 825 nitri
1398 766 1764 825 semunciam
1797 781 1869 825 ex
1898 766 2248 828 vino‘mixto

210 852 386 914 dabis
431 851 668 933 bibere,
716 861 1148 931 praesentaneo
1194 853 1461 914 remedio
1509 852 1829 914 subvenies
1874 856 2101 914 ventris
2147 854 2249 917 do-

209 941 331 1001 lori
386 940 479 1001 vel
535 943 723 1002 strofo
777 941 1089 1003 laboranti.
1170 941 1417 1003 Filicem
1474 942 1537 1002 in
1590 940 1853 1022 qualibet
1899 940 2111 1004 arbore
2158 944 2248 1005 in·
2286 955 2352 1006 71

210 1036 416 1091 natam
461 1030 641 1090 avelle
688 1032 797 1112 ita,
852 1049 928 1091 ne
975 1039 1196 1092 terram
1242 1037 1471 1112 tangat,
1526 1037 1587 1091 et
1631 1029 1859 1091 dolenti
1902 1032 2061 1092 inter
2108 1050 2246 1093 ven-

211 1126 369 1180 trem
416 1126 478 1179 et
522 1117 778 1180 fasceam
823 1137 998 1199 pone,
1041 1119 1180 1180 ilico
1227 1122 1453 1180 ventris
1499 1117 1704 1180 dolore
1750 1118 2129 1181 relevabitur.

127 1224 183 1263 10
393 1206 485 1267 Ad
539 1225 744 1269 rosum
800 1210 1026 1269 ventris
1071 1216 1459 1288 praecantum
1518 1208 1943 1269 utillissimum.
2033 1208 2246 1270 Manus
2285 1221 2352 1270 72

211 1298 495 1356 sinistrae
548 1296 823 1376 pollicem
879 1315 1062 1376 supra
1122 1304 1387 1357 ventrem
1432 1315 1670 1375 premes
1722 1303 1782 1358 et
1828 1296 2020 1359 dices:
2076 1298 2249 1359 adam

210 1384 428 1446 bedam
484 1384 636 1447 alam
679 1385 858 1447 betur
904 1385 1054 1446 alam
1099 1385 1325 1447 botum.
1398 1384 1525 1446 Hoc
1573 1403 1710 1446 cum
1756 1386 1962 1447 novies
2007 1386 2248 1467 dixeris,

212 1482 440 1534 terram
494 1475 704 1536 eodem
758 1474 972 1554 pollice
1029 1481 1238 1553 tanges
1295 1482 1355 1535 et
1409 1491 1590 1552 spues
1635 1491 1997 1554 rursumque
2043 1478 2248 1537 novies

214 1569 280 1623 et
334 1564 553 1623 iterum
598 1566 845 1625 tertium
891 1566 1096 1624 novies
1143 1564 1308 1624 dices
1359 1575 1420 1625 et
1462 1580 1573 1642 per
1617 1579 1876 1623 novenas
1921 1565 2084 1624 vices
2130 1574 2247 1625 ter-

126 1666 184 1709 15
214 1669 345 1712 ram
383 1653 691 1731 continges
730 1661 791 1713 et
828 1670 1073 1731 expues,
1137 1651 1264 1712 Hoc
1302 1669 1443 1712 vero
1472 1659 1857 1731 praecantum
1888 1660 1948 1712 et
1975 1651 2248 1713 homines
2286 1665 2354 1715 73

210 1741 405 1801 strol'o
444 1741 535 1801 vel
573 1759 716 1803 rosu
754 1740 1093 1803 laborantes
1131 1749 1191 1802 et
1228 1742 1495 1803 iumenta
1531 1738 1835 1820 relevabit,
1881 1742 1934 1801 si
1975 1740 2248 1802 adhibea-

211 1836 318 1889 tur
374 1832 478 1891 sic.
559 1829 769 1892 Manus
823 1830 1029 1909 planas
1086 1847 1268 1908 super
1321 1846 1499 1889 renes
1554 1846 1742 1906 pones
1798 1837 1859 1889 et
1912 1829 2076 1890 dices
2126 1838 2248 1892 ter:

213 1917 500 1979 alabanda
536 1918 805 1980 alabandi
842 1917 1088 1979 alambo.
1163 1917 1313 1979 Cum
1348 1920 1431 1978 ita
1469 1917 1710 1998 dixeriS,
1757 1920 2000 1996 supinas
2037 1936 2248 1980 manus

213 2006 328 2067 sub
358 2015 565 2068 ventre
598 2009 729 2069 eius
757 2026 944 2089 pones
977 2014 1036 2069 et
1063 2009 1283 2069 iterum
1310 2006 1469 2067 idem
1501 2006 1664 2067 dices
1694 2005 1785 2067 vel
1812 2007 1983 2085 prius
2010 2025 2249 2068 aversas

124 2113 182 2153 20
212 2113 428 2157 manus
474 2096 586 2157 sub
625 2105 831 2159 ventre
874 2099 1004 2158 eius
1041 2114 1228 2178 pones
1266 2102 1328 2156 et
1364 2113 1502 2156 cum
1539 2101 1634 2156 ter
1673 2095 1915 2177 dixeris,
1960 2095 2033 2156 ad
2071 2114 2248 2157 renes

213 2184 422 2263 planas
470 2202 680 2245 manus
726 2204 912 2265 pones
968 2194 1029 2246 et
1073 2191 1168 2245 ter
1213 2190 1594 2263 praecantato
1649 2183 1779 2245 loco
1835 2201 2079 2246 rursum
2134 2185 2248 2246 sub

218 2281 427 2333 ventre
473 2292 685 2335 manus
731 2275 998 2354 perferes
1044 2282 1105 2335 et
1149 2273 1309 2334 idem
1354 2276 1534 2334 tertio
1580 2272 1761 2334 dices,

395 2361 545 2423 Item
591 2362 663 2423 ad
705 2381 880 2424 rosus
922 2370 1042 2424 tam
1079 2362 1386 2423 hominum
1425 2380 1602 2442 quam
1638 2365 2041 2423 iumentorum
2077 2379 2245 2441 prae·
2286 2375 2353 2425 74

217 2454 477 2512 cantatio
515 2453 618 2512 sic.
678 2450 899 2513 Pollice
937 2454 1180 2512 sinistro
1219 2459 1281 2512 et
1317 2450 1550 2511 duobus
1588 2447 1851 2512 minimis
1879 2451 2080 2529 digitis
2111 2469 2246 2511 ven-

128 2548 187 2591 25
218 2548 375 2600 trem
423 2540 761 2601 confricans
809 2540 995 2602 dices:
1045 2539 1251 2601 Stabat
1297 2538 1476 2599 arbor
1520 2541 1583 2598 in
1628 2539 1825 2599 medio
1861 2557 2025 2599 mare
2070 2547 2129 2600 et
2163 2537 2250 2600 ibi

216 2628 515 2708 pendebat
571 2629 746 2689 situla
792 2628 965 2707 plena
1010 2630 1433 2690 intestinorum
1478 2625 1900 2707 humanorum,
1956 2635 2080 2688 tres
2133 2630 2247 2688 vir-

217 2720 387 2796 gines
443 2717 862 2800 circumibant,
917 2718 1068 2778 duae
1116 2715 1458 2798 alligabant,
1512 2734 1629 2776 una
1683 2714 2035 2776 revolvebat,
2120 2715 2248 2777 Hoc

216 2814 315 2866 ter
368 2805 533 2867 dices
590 2814 651 2866 et
705 2815 799 2867 ter
862 2808 994 2885 pari
1056 2805 1234 2867 modo
1298 2813 1460 2865 terra
1523 2812 1795 2866 contacta
1851 2822 2091 2883 expueS.
2184 2804 2249 2865 Si

217 2897 485 2955 iumenta
532 2895 905 2976 carminabis,
950 2896 1372 2956 intestinorum
1417 2893 1780 2955 mulinorum
1828 2892 1920 2952 vel
1957 2909 2248 2972 equorum

130 2993 191 3033 30
221 2983 313 3043 vel
360 2987 663 3045 asinorum
711 2985 889 3045 dices,

398 3142 435 3189 4
481 3135 711 3191 vomth.
926 3137 1142 3191 scitam.
1359 3133 1667 3190 stomacho.
1886 3138 1916 3187 7
1967 3134 2244 3189 arborem.

217 3214 253 3263 8
291 3207 476 3263 avelle
512 3205 597 3260 ita
634 3223 707 3262 ne
742 3208 966 3277 scripsi.-
1011 3205 1285 3261 avellano.
1449 3211 1481 3259 9
1519 3204 1690 3260 inico.
1853 3210 1923 3259 13
1960 3203 2247 3274 pollicem.

223 3284 290 3334 16
327 3295 461 3333 rosu
499 3279 725 3348 scripsi.-
768 3294 912 3333 roso.
1097 3283 1162 3333 17
1203 3276 1359 3332 dicis.
1543 3282 1609 3331 19
1650 3275 1806 3330 dicis.
1987 3279 2055 3330 25
2093 3292 2248 3331 mare

218 3351 360 3421 (sic).
509 3354 579 3403 26
615 3348 814 3404 sidula.
