<?xml version="1.0" encoding="UTF-8"?>
<!DOCTYPE html PUBLIC "-//W3C//DTD XHTML 1.0 Transitional//EN"
    "http://www.w3.org/TR/xhtml1/DTD/xhtml1-transitional.dtd">
<html xmlns="http://www.w3.org/1999/xhtml" xml:lang="en" lang="en">
 <head>
  <title>
</title>
<meta http-equiv="Content-Type" content="text/html;charset=utf-8" />
  <meta name='ocr-system' content='tesseract 3.04.00' />
  <meta name='ocr-capabilities' content='ocr_page ocr_carea ocr_par ocr_line ocrx_word'/>
</head>
<body>
  <div class='ocr_page' id='page_1' title='image "./marcellidemedic00unkngoog_0157.png"; bbox 0 0 2575 4092; ppageno 0'>
   <div class='ocr_carea' id='block_1_1' title="bbox 520 0 1197 2">
    <p class='ocr_par' dir='ltr' id='par_1_1' title="bbox 520 0 1197 2">
     <span class='ocr_line' id='line_1_1' title="bbox 520 0 1197 2; baseline 0 0"><span class='ocrx_word' id='word_1_1' title='bbox 520 0 1197 2; x_wconf 95' lang='lat' dir='ltr'><strong> </strong></span> 
     </span>
    </p>
   </div>
   <div class='ocr_carea' id='block_1_2' title="bbox 1002 241 1485 307">
    <p class='ocr_par' dir='ltr' id='par_1_2' title="bbox 1002 241 1485 307">
     <span class='ocr_line' id='line_1_2' title="bbox 1002 241 1485 307; baseline 0.004 -2"><span class='ocrx_word' id='word_1_2' title='bbox 1002 277 1078 288; x_wconf 89' lang='lat'>—</span> <span class='ocrx_word' id='word_1_3' title='bbox 1180 241 1485 307; x_wconf 80' lang='lat'><strong>137-</strong></span> 
     </span>
    </p>
   </div>
   <div class='ocr_carea' id='block_1_3' title="bbox 160 401 2365 3324">
    <p class='ocr_par' dir='ltr' id='par_1_3' title="bbox 240 401 2258 752">
     <span class='ocr_line' id='line_1_3' title="bbox 242 401 2257 486; baseline 0.003 -25"><span class='ocrx_word' id='word_1_4' title='bbox 242 420 415 479; x_wconf 83' lang='lat' dir='ltr'><strong>grana</strong></span> <span class='ocrx_word' id='word_1_5' title='bbox 450 420 698 464; x_wconf 89' lang='lat' dir='ltr'><strong>numero</strong></span> <span class='ocrx_word' id='word_1_6' title='bbox 738 401 865 485; x_wconf 88' lang='lat' dir='ltr'><strong>XX,</strong></span> <span class='ocrx_word' id='word_1_7' title='bbox 902 402 1304 484; x_wconf 79' lang='lat' dir='ltr'><strong>glycyrrhizae</strong></span> <span class='ocrx_word' id='word_1_8' title='bbox 1341 406 1472 466; x_wconf 90' lang='lat' dir='ltr'><strong>suci</strong></span> <span class='ocrx_word' id='word_1_9' title='bbox 1508 403 1560 465; x_wconf 85' lang='lat' dir='ltr'>X</span> <span class='ocrx_word' id='word_1_10' title='bbox 1597 403 1697 485; x_wconf 86' lang='lat'><strong>111,</strong></span> <span class='ocrx_word' id='word_1_11' title='bbox 1732 406 2091 467; x_wconf 87' lang='lat' dir='ltr'><strong>cariotarum</strong></span> <span class='ocrx_word' id='word_1_12' title='bbox 2129 406 2257 486; x_wconf 89' lang='lat' dir='ltr'><strong>pin·</strong></span> 
     </span>
     <span class='ocr_line' id='line_1_4' title="bbox 240 492 2256 575; baseline 0.002 -25"><span class='ocrx_word' id='word_1_13' title='bbox 240 492 437 569; x_wconf 89' lang='lat' dir='ltr'><strong>guium</strong></span> <span class='ocrx_word' id='word_1_14' title='bbox 495 493 623 552; x_wconf 89' lang='lat' dir='ltr'><strong>suci</strong></span> <span class='ocrx_word' id='word_1_15' title='bbox 678 495 970 572; x_wconf 83' lang='lat' dir='ltr'><strong>exemptis</strong></span> <span class='ocrx_word' id='word_1_16' title='bbox 1023 494 1351 555; x_wconf 80' lang='lat' dir='ltr'><strong>interaneis</strong></span> <span class='ocrx_word' id='word_1_17' title='bbox 1406 492 1592 554; x_wconf 82' lang='lat' dir='ltr'><strong>XIII.</strong></span> <span class='ocrx_word' id='word_1_18' title='bbox 1676 493 1912 555; x_wconf 88' lang='lat' dir='ltr'><strong>Gummi</strong></span> <span class='ocrx_word' id='word_1_19' title='bbox 1959 503 2021 555; x_wconf 90' lang='lat' dir='ltr'><strong>et</strong></span> <span class='ocrx_word' id='word_1_20' title='bbox 2065 502 2256 575; x_wconf 88' lang='lat' dir='ltr'><strong>traga-</strong></span> 
     </span>
     <span class='ocr_line' id='line_1_5' title="bbox 240 579 2258 663; baseline 0.002 -23"><span class='ocrx_word' id='word_1_21' title='bbox 240 579 514 641; x_wconf 88' lang='lat' dir='ltr'><strong>canthum</strong></span> <span class='ocrx_word' id='word_1_22' title='bbox 567 582 631 641; x_wconf 90' lang='lat' dir='ltr'><strong>in</strong></span> <span class='ocrx_word' id='word_1_23' title='bbox 684 598 838 661; x_wconf 91' lang='lat' dir='ltr'><strong>aqua</strong></span> <span class='ocrx_word' id='word_1_24' title='bbox 890 581 1081 643; x_wconf 85' lang='lat' dir='ltr'><strong>mulsa</strong></span> <span class='ocrx_word' id='word_1_25' title='bbox 1136 590 1502 662; x_wconf 80' lang='lat' dir='ltr'><strong>maceratur,</strong></span> <span class='ocrx_word' id='word_1_26' title='bbox 1556 581 1770 644; x_wconf 91' lang='lat' dir='ltr'><strong>deinde</strong></span> <span class='ocrx_word' id='word_1_27' title='bbox 1816 590 2070 663; x_wconf 85' lang='lat' dir='ltr'><strong>utraque</strong></span> <span class='ocrx_word' id='word_1_28' title='bbox 2119 585 2258 644; x_wconf 91' lang='lat' dir='ltr'><strong>trita</strong></span> 
     </span>
     <span class='ocr_line' id='line_1_6' title="bbox 240 668 2257 752; baseline 0.002 -23"><span class='ocrx_word' id='word_1_29' title='bbox 240 670 448 730; x_wconf 80' lang='lat' dir='ltr'><strong>ceteris</strong></span> <span class='ocrx_word' id='word_1_30' title='bbox 496 668 648 730; x_wconf 89' lang='lat' dir='ltr'><strong>bene</strong></span> <span class='ocrx_word' id='word_1_31' title='bbox 694 672 856 731; x_wconf 90' lang='lat' dir='ltr'><strong>tritis</strong></span> <span class='ocrx_word' id='word_1_32' title='bbox 903 678 964 731; x_wconf 88' lang='lat' dir='ltr'><strong>et</strong></span> <span class='ocrx_word' id='word_1_33' title='bbox 1008 669 1277 750; x_wconf 75' lang='lat' dir='ltr'><strong>levigatis</strong></span> <span class='ocrx_word' id='word_1_34' title='bbox 1323 670 1745 752; x_wconf 77' lang='lat' dir='ltr'><strong>admiscentur,</strong></span> <span class='ocrx_word' id='word_1_35' title='bbox 1795 679 1933 751; x_wconf 88' lang='lat' dir='ltr'><strong>post</strong></span> <span class='ocrx_word' id='word_1_36' title='bbox 1976 671 2090 732; x_wconf 92' lang='lat' dir='ltr'><strong>hoc</strong></span> <span class='ocrx_word' id='word_1_37' title='bbox 2136 672 2257 750; x_wconf 84' lang='lat' dir='ltr'><strong>glo-</strong></span> 
     </span>
    </p>

    <p class='ocr_par' dir='ltr' id='par_1_4' title="bbox 188 756 2258 1105">
     <span class='ocr_line' id='line_1_7' title="bbox 188 756 2258 840; baseline 0.001 -21"><span class='ocrx_word' id='word_1_38' title='bbox 188 778 211 819; x_wconf 80' lang='grc'>5</span> <span class='ocrx_word' id='word_1_39' title='bbox 240 756 361 817; x_wconf 89' lang='lat' dir='ltr'><strong>buli</strong></span> <span class='ocrx_word' id='word_1_40' title='bbox 412 758 723 838; x_wconf 85' lang='lat' dir='ltr'><strong>finguntur</strong></span> <span class='ocrx_word' id='word_1_41' title='bbox 776 759 851 820; x_wconf 93' lang='lat' dir='ltr'><strong>ad</strong></span> <span class='ocrx_word' id='word_1_42' title='bbox 907 758 1074 820; x_wconf 82' lang='lat' dir='ltr'><strong>fabae</strong></span> <span class='ocrx_word' id='word_1_43' title='bbox 1129 760 1624 840; x_wconf 78' lang='lat' dir='ltr'><strong>magnitudinem,</strong></span> <span class='ocrx_word' id='word_1_44' title='bbox 1680 777 1832 838; x_wconf 89' lang='lat' dir='ltr'><strong>quos</strong></span> <span class='ocrx_word' id='word_1_45' title='bbox 1887 759 2000 821; x_wconf 91' lang='lat' dir='ltr'><strong>sub</strong></span> <span class='ocrx_word' id='word_1_46' title='bbox 2056 760 2258 839; x_wconf 80' lang='lat' dir='ltr'><strong>lingua</strong></span> 
     </span>
     <span class='ocr_line' id='line_1_8' title="bbox 239 847 2256 930; baseline 0.002 -24"><span class='ocrx_word' id='word_1_47' title='bbox 239 848 424 907; x_wconf 90' lang='lat' dir='ltr'><strong>teneri</strong></span> <span class='ocrx_word' id='word_1_48' title='bbox 470 854 709 927; x_wconf 84' lang='lat' dir='ltr'><strong>oportet</strong></span> <span class='ocrx_word' id='word_1_49' title='bbox 764 855 825 909; x_wconf 91' lang='lat' dir='ltr'><strong>et</strong></span> <span class='ocrx_word' id='word_1_50' title='bbox 880 848 1037 928; x_wconf 88' lang='lat' dir='ltr'><strong>quod</strong></span> <span class='ocrx_word' id='word_1_51' title='bbox 1096 847 1170 909; x_wconf 90' lang='lat' dir='ltr'><strong>de</strong></span> <span class='ocrx_word' id='word_1_52' title='bbox 1216 849 1312 909; x_wconf 91' lang='lat' dir='ltr'><strong>his</strong></span> <span class='ocrx_word' id='word_1_53' title='bbox 1360 848 1746 929; x_wconf 81' lang='lat' dir='ltr'><strong>liquefactum</strong></span> <span class='ocrx_word' id='word_1_54' title='bbox 1794 848 2000 930; x_wconf 80' lang='lat' dir='ltr'><strong>fuerit,</strong></span> <span class='ocrx_word' id='word_1_55' title='bbox 2057 852 2256 911; x_wconf 89' lang='lat' dir='ltr'><strong>statim</strong></span> 
     </span>
     <span class='ocr_line' id='line_1_9' title="bbox 237 935 2257 1018; baseline 0.002 -23"><span class='ocrx_word' id='word_1_56' title='bbox 237 935 519 997; x_wconf 88' lang='lat' dir='ltr'><strong>devorari.</strong></span> <span class='ocrx_word' id='word_1_57' title='bbox 593 936 752 998; x_wconf 89' lang='lat' dir='ltr'><strong>Haec</strong></span> <span class='ocrx_word' id='word_1_58' title='bbox 799 939 1131 1018; x_wconf 80' lang='lat' dir='ltr'><strong>conpositio</strong></span> <span class='ocrx_word' id='word_1_59' title='bbox 1179 938 1322 998; x_wconf 81' lang='lat' dir='ltr'><strong>facit</strong></span> <span class='ocrx_word' id='word_1_60' title='bbox 1367 938 1438 998; x_wconf 93' lang='lat' dir='ltr'><strong>ad</strong></span> <span class='ocrx_word' id='word_1_61' title='bbox 1487 939 1682 998; x_wconf 90' lang='lat' dir='ltr'><strong>omnia</strong></span> <span class='ocrx_word' id='word_1_62' title='bbox 1728 940 1981 999; x_wconf 84' lang='lat' dir='ltr'><strong>arteriae</strong></span> <span class='ocrx_word' id='word_1_63' title='bbox 2017 939 2158 999; x_wconf 86' lang='lat' dir='ltr'><strong>vitia</strong></span> <span class='ocrx_word' id='word_1_64' title='bbox 2196 948 2257 999; x_wconf 92' lang='lat' dir='ltr'><strong>et</strong></span> 
     </span>
     <span class='ocr_line' id='line_1_10' title="bbox 237 1024 1483 1105; baseline 0.002 -21"><span class='ocrx_word' id='word_1_65' title='bbox 237 1024 489 1085; x_wconf 82' lang='lat' dir='ltr'><strong>thoracis</strong></span> <span class='ocrx_word' id='word_1_66' title='bbox 537 1033 599 1086; x_wconf 90' lang='lat' dir='ltr'><strong>et</strong></span> <span class='ocrx_word' id='word_1_67' title='bbox 643 1026 714 1086; x_wconf 89' lang='lat' dir='ltr'><strong>ad</strong></span> <span class='ocrx_word' id='word_1_68' title='bbox 761 1028 924 1087; x_wconf 88' lang='lat' dir='ltr'><strong>vocis</strong></span> <span class='ocrx_word' id='word_1_69' title='bbox 969 1028 1483 1105; x_wconf 87' lang='lat' dir='ltr'><strong>interceptionem.</strong></span> 
     </span>
    </p>

    <p class='ocr_par' dir='ltr' id='par_1_5' title="bbox 167 1114 2361 1639">
     <span class='ocr_line' id='line_1_11' title="bbox 408 1114 2361 1197; baseline 0.003 -23"><span class='ocrx_word' id='word_1_70' title='bbox 408 1114 800 1195; x_wconf 86' lang='lat' dir='ltr'><strong>Compositio,</strong></span> <span class='ocrx_word' id='word_1_71' title='bbox 847 1133 998 1194; x_wconf 90' lang='lat' dir='ltr'><strong>quae</strong></span> <span class='ocrx_word' id='word_1_72' title='bbox 1045 1115 1266 1177; x_wconf 90' lang='lat' dir='ltr'><strong>dicitur</strong></span> <span class='ocrx_word' id='word_1_73' title='bbox 1312 1117 1648 1197; x_wconf 89' lang='lat' dir='ltr'><strong>stomatice,</strong></span> <span class='ocrx_word' id='word_1_74' title='bbox 1695 1116 1838 1178; x_wconf 84' lang='lat' dir='ltr'><strong>facit</strong></span> <span class='ocrx_word' id='word_1_75' title='bbox 1881 1116 1954 1177; x_wconf 89' lang='lat' dir='ltr'><strong>ad</strong></span> <span class='ocrx_word' id='word_1_76' title='bbox 2001 1114 2256 1177; x_wconf 88' lang='lat' dir='ltr'><strong>tossillas</strong></span> <span class='ocrx_word' id='word_1_77' title='bbox 2292 1127 2361 1180; x_wconf 77' lang='grc'><strong>47</strong></span> 
     </span>
     <span class='ocr_line' id='line_1_12' title="bbox 167 1203 2259 1284; baseline 0.002 -23"><span class='ocrx_word' id='word_1_78' title='bbox 167 1222 214 1261; x_wconf 82' lang='grc' dir='ltr'><strong>ιο</strong></span> <span class='ocrx_word' id='word_1_79' title='bbox 239 1210 296 1262; x_wconf 91' lang='lat' dir='ltr'><strong>et</strong></span> <span class='ocrx_word' id='word_1_80' title='bbox 328 1222 468 1263; x_wconf 90' lang='lat' dir='ltr'><strong>uvas</strong></span> <span class='ocrx_word' id='word_1_81' title='bbox 508 1213 813 1265; x_wconf 87' lang='lat' dir='ltr'><strong>tumentes</strong></span> <span class='ocrx_word' id='word_1_82' title='bbox 849 1212 910 1264; x_wconf 92' lang='lat' dir='ltr'><strong>et</strong></span> <span class='ocrx_word' id='word_1_83' title='bbox 946 1204 1019 1264; x_wconf 90' lang='lat' dir='ltr'><strong>ad</strong></span> <span class='ocrx_word' id='word_1_84' title='bbox 1048 1203 1294 1265; x_wconf 88' lang='lat' dir='ltr'><strong>vulnera</strong></span> <span class='ocrx_word' id='word_1_85' title='bbox 1321 1212 1383 1265; x_wconf 90' lang='lat' dir='ltr'><strong>et</strong></span> <span class='ocrx_word' id='word_1_86' title='bbox 1409 1203 1611 1265; x_wconf 89' lang='lat' dir='ltr'><strong>ulcera</strong></span> <span class='ocrx_word' id='word_1_87' title='bbox 1637 1206 1700 1265; x_wconf 91' lang='lat' dir='ltr'><strong>in</strong></span> <span class='ocrx_word' id='word_1_88' title='bbox 1728 1204 2013 1267; x_wconf 89' lang='lat' dir='ltr'><strong>auriculis</strong></span> <span class='ocrx_word' id='word_1_89' title='bbox 2040 1213 2259 1284; x_wconf 91' lang='lat' dir='ltr'><strong>vetera,</strong></span> 
     </span>
     <span class='ocr_line' id='line_1_13' title="bbox 236 1291 2258 1374; baseline 0.001 -23"><span class='ocrx_word' id='word_1_90' title='bbox 236 1302 472 1372; x_wconf 87' lang='lat' dir='ltr'><strong>excepta</strong></span> <span class='ocrx_word' id='word_1_91' title='bbox 511 1311 584 1353; x_wconf 87' lang='lat' dir='ltr'><strong>ex</strong></span> <span class='ocrx_word' id='word_1_92' title='bbox 623 1291 792 1352; x_wconf 91' lang='lat' dir='ltr'><strong>libris</strong></span> <span class='ocrx_word' id='word_1_93' title='bbox 829 1292 1151 1354; x_wconf 88' lang='lat' dir='ltr'><strong>Ptolomaei</strong></span> <span class='ocrx_word' id='word_1_94' title='bbox 1191 1294 1371 1374; x_wconf 78' lang='lat' dir='ltr'><strong>regiS,</strong></span> <span class='ocrx_word' id='word_1_95' title='bbox 1418 1296 1524 1373; x_wconf 93' lang='lat' dir='ltr'><strong>qui</strong></span> <span class='ocrx_word' id='word_1_96' title='bbox 1559 1292 1887 1373; x_wconf 86' lang='lat' dir='ltr'><strong>Euergetes</strong></span> <span class='ocrx_word' id='word_1_97' title='bbox 1928 1293 2258 1374; x_wconf 89' lang='lat' dir='ltr'><strong>appellatus</strong></span> 
     </span>
     <span class='ocr_line' id='line_1_14' title="bbox 236 1381 2258 1461; baseline 0.001 -22"><span class='ocrx_word' id='word_1_98' title='bbox 236 1387 345 1461; x_wconf 89' lang='lat' dir='ltr'><strong>est,</strong></span> <span class='ocrx_word' id='word_1_99' title='bbox 400 1383 621 1460; x_wconf 88' lang='lat' dir='ltr'><strong>accipit</strong></span> <span class='ocrx_word' id='word_1_100' title='bbox 677 1381 851 1442; x_wconf 86' lang='lat' dir='ltr'><strong>haec:</strong></span> <span class='ocrx_word' id='word_1_101' title='bbox 925 1381 1067 1442; x_wconf 88' lang='lat' dir='ltr'><strong>Suci</strong></span> <span class='ocrx_word' id='word_1_102' title='bbox 1123 1400 1197 1443; x_wconf 86' lang='lat' dir='ltr'><strong>ex</strong></span> <span class='ocrx_word' id='word_1_103' title='bbox 1252 1384 1438 1444; x_wconf 88' lang='lat' dir='ltr'><strong>moris</strong></span> <span class='ocrx_word' id='word_1_104' title='bbox 1496 1383 1635 1443; x_wconf 80' lang='lat' dir='ltr'><strong>facti</strong></span> <span class='ocrx_word' id='word_1_105' title='bbox 1688 1392 1749 1443; x_wconf 84' lang='lat' dir='ltr'><strong>et</strong></span> <span class='ocrx_word' id='word_1_106' title='bbox 1803 1384 1865 1443; x_wconf 91' lang='lat' dir='ltr'><strong>in</strong></span> <span class='ocrx_word' id='word_1_107' title='bbox 1923 1382 2047 1444; x_wconf 91' lang='lat' dir='ltr'><strong>sole</strong></span> <span class='ocrx_word' id='word_1_108' title='bbox 2100 1384 2258 1444; x_wconf 90' lang='lat' dir='ltr'><strong>cocti</strong></span> 
     </span>
     <span class='ocr_line' id='line_1_15' title="bbox 234 1465 2256 1550; baseline 0.001 -21"><span class='ocrx_word' id='word_1_109' title='bbox 234 1465 293 1528; x_wconf 63' lang='grc' dir='ltr'><strong><em>ἃ</em></strong></span> <span class='ocrx_word' id='word_1_110' title='bbox 337 1488 524 1530; x_wconf 90' lang='lat' dir='ltr'><strong>unum</strong></span> <span class='ocrx_word' id='word_1_111' title='bbox 574 1471 773 1550; x_wconf 75' lang='lat' dir='ltr'><strong>semiS,</strong></span> <span class='ocrx_word' id='word_1_112' title='bbox 819 1468 1218 1550; x_wconf 79' lang='lat' dir='ltr'><strong>glycyrrhizae</strong></span> <span class='ocrx_word' id='word_1_113' title='bbox 1265 1473 1397 1532; x_wconf 90' lang='lat' dir='ltr'><strong>suci</strong></span> <span class='ocrx_word' id='word_1_114' title='bbox 1442 1469 1494 1530; x_wconf 98' lang='lat' dir='ltr'>X</span> <span class='ocrx_word' id='word_1_115' title='bbox 1531 1469 1602 1550; x_wconf 82' lang='grc' dir='ltr'><strong>ΙΙ,</strong></span> <span class='ocrx_word' id='word_1_116' title='bbox 1647 1473 1892 1532; x_wconf 87' lang='lat' dir='ltr'><strong>corticis</strong></span> <span class='ocrx_word' id='word_1_117' title='bbox 1929 1471 2067 1550; x_wconf 79' lang='lat' dir='ltr'><strong>lycii</strong></span> <span class='ocrx_word' id='word_1_118' title='bbox 2104 1470 2156 1531; x_wconf 89' lang='lat' dir='ltr'>X</span> <span class='ocrx_word' id='word_1_119' title='bbox 2196 1470 2256 1550; x_wconf 87' lang='lat' dir='ltr'><strong>S,</strong></span> 
     </span>
     <span class='ocr_line' id='line_1_16' title="bbox 234 1557 2257 1639; baseline 0.001 -21"><span class='ocrx_word' id='word_1_120' title='bbox 234 1571 473 1637; x_wconf 76' lang='lat' dir='ltr'><strong>myrrae·</strong></span> <span class='ocrx_word' id='word_1_121' title='bbox 504 1557 922 1638; x_wconf 83' lang='lat' dir='ltr'><strong>troglodytidis</strong></span> <span class='ocrx_word' id='word_1_122' title='bbox 967 1557 1019 1618; x_wconf 86' lang='lat' dir='ltr'>X</span> <span class='ocrx_word' id='word_1_123' title='bbox 1057 1558 1109 1639; x_wconf 87' lang='lat'><strong>1,</strong></span> <span class='ocrx_word' id='word_1_124' title='bbox 1164 1558 1440 1620; x_wconf 87' lang='lat' dir='ltr'><strong>aluminis</strong></span> <span class='ocrx_word' id='word_1_125' title='bbox 1486 1560 1612 1619; x_wconf 83' lang='lat' dir='ltr'><strong>fissi</strong></span> <span class='ocrx_word' id='word_1_126' title='bbox 1659 1558 1709 1619; x_wconf 89' lang='lat' dir='ltr'>X</span> <span class='ocrx_word' id='word_1_127' title='bbox 1747 1558 1802 1638; x_wconf 89' lang='lat'><strong>1,</strong></span> <span class='ocrx_word' id='word_1_128' title='bbox 1854 1559 2025 1620; x_wconf 89' lang='lat' dir='ltr'><strong>nardi</strong></span> <span class='ocrx_word' id='word_1_129' title='bbox 2069 1558 2257 1620; x_wconf 88' lang='lat' dir='ltr'><strong>Indici</strong></span> 
     </span>
    </p>

    <p class='ocr_par' dir='ltr' id='par_1_6' title="bbox 165 1645 2257 2082">
     <span class='ocr_line' id='line_1_17' title="bbox 165 1645 2254 1729; baseline 0.001 -24"><span class='ocrx_word' id='word_1_130' title='bbox 165 1665 209 1706; x_wconf 84' lang='lat'><strong>15</strong></span> <span class='ocrx_word' id='word_1_131' title='bbox 236 1645 283 1706; x_wconf 89' lang='lat' dir='ltr'>X</span> <span class='ocrx_word' id='word_1_132' title='bbox 334 1647 399 1729; x_wconf 92' lang='lat' dir='ltr'><strong>S,</strong></span> <span class='ocrx_word' id='word_1_133' title='bbox 463 1646 663 1708; x_wconf 88' lang='lat' dir='ltr'><strong>mellis</strong></span> <span class='ocrx_word' id='word_1_134' title='bbox 721 1648 899 1708; x_wconf 82' lang='lat' dir='ltr'><strong>Attici</strong></span> <span class='ocrx_word' id='word_1_135' title='bbox 951 1647 1195 1727; x_wconf 82' lang='lat' dir='ltr'><strong>cyathos</strong></span> <span class='ocrx_word' id='word_1_136' title='bbox 1252 1646 1389 1728; x_wconf 88' lang='lat'><strong>1111,</strong></span> <span class='ocrx_word' id='word_1_137' title='bbox 1446 1649 1565 1708; x_wconf 90' lang='lat' dir='ltr'><strong>vini</strong></span> <span class='ocrx_word' id='word_1_138' title='bbox 1619 1647 1823 1709; x_wconf 90' lang='lat' dir='ltr'><strong>malini</strong></span> <span class='ocrx_word' id='word_1_139' title='bbox 1879 1647 2155 1727; x_wconf 84' lang='lat' dir='ltr'><strong>cyathum</strong></span> <span class='ocrx_word' id='word_1_140' title='bbox 2213 1646 2254 1709; x_wconf 91' lang='lat' dir='ltr'><strong>l.</strong></span> 
     </span>
     <span class='ocr_line' id='line_1_18' title="bbox 234 1734 2257 1817; baseline 0 -21"><span class='ocrx_word' id='word_1_141' title='bbox 234 1734 387 1805; x_wconf 88' lang='lat' dir='ltr'><strong>Quae</strong></span> <span class='ocrx_word' id='word_1_142' title='bbox 434 1736 606 1797; x_wconf 88' lang='lat' dir='ltr'><strong>arida</strong></span> <span class='ocrx_word' id='word_1_143' title='bbox 653 1744 811 1817; x_wconf 88' lang='lat' dir='ltr'><strong>sunt,</strong></span> <span class='ocrx_word' id='word_1_144' title='bbox 858 1755 1130 1797; x_wconf 88' lang='lat' dir='ltr'><strong>seorsum</strong></span> <span class='ocrx_word' id='word_1_145' title='bbox 1175 1744 1459 1798; x_wconf 88' lang='lat' dir='ltr'><strong>teruntur</strong></span> <span class='ocrx_word' id='word_1_146' title='bbox 1506 1747 1566 1796; x_wconf 89' lang='lat' dir='ltr'><strong>et</strong></span> <span class='ocrx_word' id='word_1_147' title='bbox 1609 1737 1672 1796; x_wconf 91' lang='lat' dir='ltr'><strong>in</strong></span> <span class='ocrx_word' id='word_1_148' title='bbox 1721 1754 1909 1797; x_wconf 90' lang='lat' dir='ltr'><strong>unum</strong></span> <span class='ocrx_word' id='word_1_149' title='bbox 1945 1754 2084 1797; x_wconf 90' lang='lat' dir='ltr'><strong>cum</strong></span> <span class='ocrx_word' id='word_1_150' title='bbox 2121 1737 2257 1796; x_wconf 90' lang='lat' dir='ltr'><strong>vino</strong></span> 
     </span>
     <span class='ocr_line' id='line_1_19' title="bbox 231 1824 2257 1905; baseline -0.001 -19"><span class='ocrx_word' id='word_1_151' title='bbox 231 1833 658 1905; x_wconf 87' lang='lat' dir='ltr'><strong>temperantur,</strong></span> <span class='ocrx_word' id='word_1_152' title='bbox 710 1824 926 1886; x_wconf 86' lang='lat' dir='ltr'><strong>deinde</strong></span> <span class='ocrx_word' id='word_1_153' title='bbox 971 1843 1213 1905; x_wconf 90' lang='lat' dir='ltr'><strong>passum</strong></span> <span class='ocrx_word' id='word_1_154' title='bbox 1258 1826 1354 1886; x_wconf 91' lang='lat' dir='ltr'><strong>his</strong></span> <span class='ocrx_word' id='word_1_155' title='bbox 1400 1824 1761 1886; x_wconf 88' lang='lat' dir='ltr'><strong>admiscetur</strong></span> <span class='ocrx_word' id='word_1_156' title='bbox 1807 1832 1870 1885; x_wconf 97' lang='lat' dir='ltr'><strong>et</strong></span> <span class='ocrx_word' id='word_1_157' title='bbox 1916 1834 2257 1903; x_wconf 89' lang='lat' dir='ltr'><strong>coquuntur</strong></span> 
     </span>
     <span class='ocr_line' id='line_1_20' title="bbox 231 1912 2257 1995; baseline 0.001 -22"><span class='ocrx_word' id='word_1_158' title='bbox 231 1917 417 1975; x_wconf 89' lang='lat' dir='ltr'><strong>omnia</strong></span> <span class='ocrx_word' id='word_1_159' title='bbox 454 1915 524 1974; x_wconf 84' lang='lat' dir='ltr'><strong>in</strong></span> <span class='ocrx_word' id='word_1_160' title='bbox 565 1915 765 1974; x_wconf 90' lang='lat' dir='ltr'><strong>cinere</strong></span> <span class='ocrx_word' id='word_1_161' title='bbox 805 1912 1012 1995; x_wconf 87' lang='lat' dir='ltr'><strong>calid0,</strong></span> <span class='ocrx_word' id='word_1_162' title='bbox 1050 1913 1240 1975; x_wconf 90' lang='lat' dir='ltr'><strong>donec</strong></span> <span class='ocrx_word' id='word_1_163' title='bbox 1270 1912 1462 1974; x_wconf 91' lang='lat' dir='ltr'><strong>mellis</strong></span> <span class='ocrx_word' id='word_1_164' title='bbox 1500 1912 1947 1993; x_wconf 85' lang='lat' dir='ltr'><strong>spissitudinem</strong></span> <span class='ocrx_word' id='word_1_165' title='bbox 1985 1913 2257 1975; x_wconf 89' lang='lat' dir='ltr'><strong>habeant.</strong></span> 
     </span>
     <span class='ocr_line' id='line_1_21' title="bbox 230 1999 2256 2082; baseline 0 -21"><span class='ocrx_word' id='word_1_166' title='bbox 230 2000 353 2063; x_wconf 91' lang='lat' dir='ltr'><strong>Non</strong></span> <span class='ocrx_word' id='word_1_167' title='bbox 397 2010 643 2082; x_wconf 88' lang='lat' dir='ltr'><strong>oportet</strong></span> <span class='ocrx_word' id='word_1_168' title='bbox 688 2010 886 2063; x_wconf 90' lang='lat' dir='ltr'><strong>autem</strong></span> <span class='ocrx_word' id='word_1_169' title='bbox 932 2004 1207 2081; x_wconf 89' lang='lat' dir='ltr'><strong>ignorare</strong></span> <span class='ocrx_word' id='word_1_170' title='bbox 1262 2001 1443 2063; x_wconf 89' lang='lat' dir='ltr'><strong>utiles</strong></span> <span class='ocrx_word' id='word_1_171' title='bbox 1497 2020 1630 2062; x_wconf 91' lang='lat' dir='ltr'><strong>esse</strong></span> <span class='ocrx_word' id='word_1_172' title='bbox 1689 2004 1967 2063; x_wconf 88' lang='lat' dir='ltr'><strong>arteriam</strong></span> <span class='ocrx_word' id='word_1_173' title='bbox 2013 1999 2256 2062; x_wconf 90' lang='lat' dir='ltr'><strong>inbecil-</strong></span> 
     </span>
    </p>

    <p class='ocr_par' dir='ltr' id='par_1_7' title="bbox 160 2090 2362 2525">
     <span class='ocr_line' id='line_1_22' title="bbox 160 2090 2256 2172; baseline 0.002 -27"><span class='ocrx_word' id='word_1_174' title='bbox 160 2105 207 2146; x_wconf 80' lang='lat'><strong>20</strong></span> <span class='ocrx_word' id='word_1_175' title='bbox 231 2090 340 2151; x_wconf 91' lang='lat' dir='ltr'><strong>lam</strong></span> <span class='ocrx_word' id='word_1_176' title='bbox 376 2090 743 2153; x_wconf 89' lang='lat' dir='ltr'><strong>habentibus</strong></span> <span class='ocrx_word' id='word_1_177' title='bbox 782 2093 1162 2172; x_wconf 78' lang='lat' dir='ltr'><strong>gestationeS,</strong></span> <span class='ocrx_word' id='word_1_178' title='bbox 1199 2090 1722 2171; x_wconf 76' lang='lat' dir='ltr'><strong>deambulationeS,</strong></span> <span class='ocrx_word' id='word_1_179' title='bbox 1762 2094 2032 2169; x_wconf 89' lang='lat' dir='ltr'><strong>corporis</strong></span> <span class='ocrx_word' id='word_1_180' title='bbox 2070 2092 2256 2151; x_wconf 85' lang='lat' dir='ltr'><strong>vocis-</strong></span> 
     </span>
     <span class='ocr_line' id='line_1_23' title="bbox 232 2179 2256 2260; baseline -0 -20"><span class='ocrx_word' id='word_1_181' title='bbox 232 2199 342 2259; x_wconf 89' lang='lat' dir='ltr'><strong>que</strong></span> <span class='ocrx_word' id='word_1_182' title='bbox 380 2181 862 2259; x_wconf 81' lang='lat' dir='ltr'><strong>exercitationes,</strong></span> <span class='ocrx_word' id='word_1_183' title='bbox 907 2183 1204 2241; x_wconf 89' lang='lat' dir='ltr'><strong>contraria</strong></span> <span class='ocrx_word' id='word_1_184' title='bbox 1250 2190 1450 2242; x_wconf 92' lang='lat' dir='ltr'><strong>autem</strong></span> <span class='ocrx_word' id='word_1_185' title='bbox 1496 2179 1704 2240; x_wconf 90' lang='lat' dir='ltr'><strong>balnea</strong></span> <span class='ocrx_word' id='word_1_186' title='bbox 1746 2188 1807 2241; x_wconf 90' lang='lat' dir='ltr'><strong>et</strong></span> <span class='ocrx_word' id='word_1_187' title='bbox 1843 2182 2056 2260; x_wconf 87' lang='lat' dir='ltr'><strong>omnia,</strong></span> <span class='ocrx_word' id='word_1_188' title='bbox 2105 2198 2256 2259; x_wconf 86' lang='lat' dir='ltr'><strong>quae</strong></span> 
     </span>
     <span class='ocr_line' id='line_1_24' title="bbox 232 2267 2362 2348; baseline 0.002 -23"><span class='ocrx_word' id='word_1_189' title='bbox 232 2269 511 2331; x_wconf 86' lang='lat' dir='ltr'><strong>videntur</strong></span> <span class='ocrx_word' id='word_1_190' title='bbox 556 2278 735 2347; x_wconf 89' lang='lat' dir='ltr'><strong>caput</strong></span> <span class='ocrx_word' id='word_1_191' title='bbox 778 2268 1018 2348; x_wconf 49' lang='lat' dir='ltr'><strong>inplere*</strong></span> <span class='ocrx_word' id='word_1_192' title='bbox 1053 2269 1147 2329; x_wconf 93' lang='lat' dir='ltr'><strong>vel</strong></span> <span class='ocrx_word' id='word_1_193' title='bbox 1193 2288 1434 2331; x_wconf 88' lang='lat' dir='ltr'><strong>umores</strong></span> <span class='ocrx_word' id='word_1_194' title='bbox 1481 2271 1757 2330; x_wconf 85' lang='lat' dir='ltr'><strong>excitare.</strong></span> <span class='ocrx_word' id='word_1_195' title='bbox 1832 2267 1985 2329; x_wconf 87' lang='lat' dir='ltr'><strong>Uvae</strong></span> <span class='ocrx_word' id='word_1_196' title='bbox 2034 2276 2096 2329; x_wconf 94' lang='lat' dir='ltr'><strong>et</strong></span> <span class='ocrx_word' id='word_1_197' title='bbox 2131 2269 2255 2329; x_wconf 80' lang='lat' dir='ltr'><strong>fau·</strong></span> <span class='ocrx_word' id='word_1_198' title='bbox 2292 2280 2362 2329; x_wconf 84' lang='lat'><strong>48</strong></span> 
     </span>
     <span class='ocr_line' id='line_1_25' title="bbox 234 2355 2256 2438; baseline -0 -21"><span class='ocrx_word' id='word_1_199' title='bbox 234 2359 385 2418; x_wconf 89' lang='lat' dir='ltr'><strong>cium</strong></span> <span class='ocrx_word' id='word_1_200' title='bbox 433 2357 630 2419; x_wconf 88' lang='lat' dir='ltr'><strong>dolori</strong></span> <span class='ocrx_word' id='word_1_201' title='bbox 667 2357 843 2417; x_wconf 87' lang='lat' dir='ltr'><strong>fimus</strong></span> <span class='ocrx_word' id='word_1_202' title='bbox 881 2375 1187 2438; x_wconf 86' lang='lat' dir='ltr'><strong>agnorum,</strong></span> <span class='ocrx_word' id='word_1_203' title='bbox 1223 2360 1571 2437; x_wconf 89' lang='lat' dir='ltr'><strong>priusquam</strong></span> <span class='ocrx_word' id='word_1_204' title='bbox 1610 2355 1856 2417; x_wconf 90' lang='lat' dir='ltr'><strong>herbam</strong></span> <span class='ocrx_word' id='word_1_205' title='bbox 1898 2365 2158 2437; x_wconf 85' lang='lat' dir='ltr'><strong>gustent,</strong></span> <span class='ocrx_word' id='word_1_206' title='bbox 2192 2358 2256 2416; x_wconf 90' lang='lat' dir='ltr'><strong>in</strong></span> 
     </span>
     <span class='ocr_line' id='line_1_26' title="bbox 234 2444 2257 2525; baseline -0 -20"><span class='ocrx_word' id='word_1_207' title='bbox 234 2447 441 2507; x_wconf 90' lang='lat' dir='ltr'><strong>umbra</strong></span> <span class='ocrx_word' id='word_1_208' title='bbox 498 2446 798 2507; x_wconf 79' lang='lat' dir='ltr'><strong>arefactus</strong></span> <span class='ocrx_word' id='word_1_209' title='bbox 859 2454 920 2505; x_wconf 94' lang='lat' dir='ltr'><strong>et</strong></span> <span class='ocrx_word' id='word_1_210' title='bbox 975 2447 1305 2507; x_wconf 85' lang='lat' dir='ltr'><strong>confrictus</strong></span> <span class='ocrx_word' id='word_1_211' title='bbox 1358 2453 1538 2525; x_wconf 86' lang='lat' dir='ltr'><strong>atque</strong></span> <span class='ocrx_word' id='word_1_212' title='bbox 1594 2444 1903 2524; x_wconf 84' lang='lat' dir='ltr'><strong>emplastri</strong></span> <span class='ocrx_word' id='word_1_213' title='bbox 1946 2463 2111 2505; x_wconf 92' lang='lat' dir='ltr'><strong>more</strong></span> <span class='ocrx_word' id='word_1_214' title='bbox 2159 2444 2257 2504; x_wconf 83' lang='lat' dir='ltr'><strong>ad-</strong></span> 
     </span>
    </p>

    <p class='ocr_par' dir='ltr' id='par_1_8' title="bbox 162 2532 2363 2968">
     <span class='ocr_line' id='line_1_27' title="bbox 162 2532 2363 2613; baseline -0.001 -17"><span class='ocrx_word' id='word_1_215' title='bbox 162 2547 209 2589; x_wconf 79' lang='lat'><strong>25</strong></span> <span class='ocrx_word' id='word_1_216' title='bbox 234 2538 461 2613; x_wconf 87' lang='lat' dir='ltr'><strong>positus</strong></span> <span class='ocrx_word' id='word_1_217' title='bbox 508 2533 800 2595; x_wconf 89' lang='lat' dir='ltr'><strong>medetur.</strong></span> <span class='ocrx_word' id='word_1_218' title='bbox 885 2534 1042 2595; x_wconf 91' lang='lat' dir='ltr'><strong>Suco</strong></span> <span class='ocrx_word' id='word_1_219' title='bbox 1090 2534 1325 2595; x_wconf 89' lang='lat' dir='ltr'><strong>cocleae</strong></span> <span class='ocrx_word' id='word_1_220' title='bbox 1372 2552 1481 2594; x_wconf 88' lang='lat' dir='ltr'><strong>acu</strong></span> <span class='ocrx_word' id='word_1_221' title='bbox 1527 2534 1888 2593; x_wconf 85' lang='lat' dir='ltr'><strong>transfossae</strong></span> <span class='ocrx_word' id='word_1_222' title='bbox 1935 2532 2099 2593; x_wconf 90' lang='lat' dir='ltr'><strong>inlita</strong></span> <span class='ocrx_word' id='word_1_223' title='bbox 2143 2549 2257 2591; x_wconf 90' lang='lat' dir='ltr'><strong>uva</strong></span> <span class='ocrx_word' id='word_1_224' title='bbox 2295 2543 2363 2594; x_wconf 85' lang='grc'><strong>49</strong></span> 
     </span>
     <span class='ocr_line' id='line_1_28' title="bbox 236 2619 2257 2702; baseline -0.001 -20"><span class='ocrx_word' id='word_1_225' title='bbox 236 2632 501 2702; x_wconf 90' lang='lat' dir='ltr'><strong>sanatur,</strong></span> <span class='ocrx_word' id='word_1_226' title='bbox 561 2625 644 2682; x_wconf 89' lang='lat' dir='ltr'><strong>ita</strong></span> <span class='ocrx_word' id='word_1_227' title='bbox 702 2631 769 2682; x_wconf 91' lang='lat' dir='ltr'><strong>ut</strong></span> <span class='ocrx_word' id='word_1_228' title='bbox 823 2625 950 2701; x_wconf 92' lang='lat' dir='ltr'><strong>ipsa</strong></span> <span class='ocrx_word' id='word_1_229' title='bbox 1007 2621 1192 2683; x_wconf 87' lang='lat' dir='ltr'><strong>coelia</strong></span> <span class='ocrx_word' id='word_1_230' title='bbox 1247 2625 1309 2682; x_wconf 93' lang='lat' dir='ltr'><strong>in</strong></span> <span class='ocrx_word' id='word_1_231' title='bbox 1368 2623 1531 2682; x_wconf 78' lang='lat' dir='ltr'><strong>fumo</strong></span> <span class='ocrx_word' id='word_1_232' title='bbox 1587 2630 1791 2700; x_wconf 86' lang='lat' dir='ltr'><strong>postea</strong></span> <span class='ocrx_word' id='word_1_233' title='bbox 1840 2619 2257 2700; x_wconf 87' lang='lat' dir='ltr'><strong>suspendatur.</strong></span> 
     </span>
     <span class='ocr_line' id='line_1_29' title="bbox 233 2709 2363 2791; baseline -0 -21"><span class='ocrx_word' id='word_1_234' title='bbox 233 2710 386 2772; x_wconf 88' lang='lat' dir='ltr'><strong>Uvae</strong></span> <span class='ocrx_word' id='word_1_235' title='bbox 432 2710 843 2789; x_wconf 88' lang='lat' dir='ltr'><strong>destillationi,</strong></span> <span class='ocrx_word' id='word_1_236' title='bbox 891 2729 1041 2790; x_wconf 87' lang='lat' dir='ltr'><strong>quae</strong></span> <span class='ocrx_word' id='word_1_237' title='bbox 1089 2710 1366 2771; x_wconf 90' lang='lat' dir='ltr'><strong>omnibus</strong></span> <span class='ocrx_word' id='word_1_238' title='bbox 1412 2710 1537 2770; x_wconf 79' lang='lat' dir='ltr'><strong>sere</strong></span> <span class='ocrx_word' id='word_1_239' title='bbox 1583 2709 1916 2789; x_wconf 88' lang='lat' dir='ltr'><strong>periculosa</strong></span> <span class='ocrx_word' id='word_1_240' title='bbox 1963 2717 2071 2791; x_wconf 89' lang='lat' dir='ltr'><strong>est,</strong></span> <span class='ocrx_word' id='word_1_241' title='bbox 2120 2728 2257 2770; x_wconf 89' lang='lat' dir='ltr'><strong>nam</strong></span> <span class='ocrx_word' id='word_1_242' title='bbox 2295 2720 2363 2769; x_wconf 82' lang='lat'><strong>50</strong></span> 
     </span>
     <span class='ocr_line' id='line_1_30' title="bbox 236 2797 2259 2879; baseline -0.002 -18"><span class='ocrx_word' id='word_1_243' title='bbox 236 2809 294 2860; x_wconf 91' lang='lat' dir='ltr'><strong>et</strong></span> <span class='ocrx_word' id='word_1_244' title='bbox 337 2801 566 2879; x_wconf 85' lang='lat' dir='ltr'><strong>pthisin</strong></span> <span class='ocrx_word' id='word_1_245' title='bbox 613 2807 676 2859; x_wconf 91' lang='lat' dir='ltr'><strong>et</strong></span> <span class='ocrx_word' id='word_1_246' title='bbox 726 2802 998 2879; x_wconf 81' lang='lat' dir='ltr'><strong>syntexin</strong></span> <span class='ocrx_word' id='word_1_247' title='bbox 1045 2806 1106 2859; x_wconf 88' lang='lat' dir='ltr'><strong>et</strong></span> <span class='ocrx_word' id='word_1_248' title='bbox 1151 2799 1294 2859; x_wconf 90' lang='lat' dir='ltr'><strong>alias</strong></span> <span class='ocrx_word' id='word_1_249' title='bbox 1342 2798 1618 2859; x_wconf 88' lang='lat' dir='ltr'><strong>molestas</strong></span> <span class='ocrx_word' id='word_1_250' title='bbox 1666 2797 2032 2859; x_wconf 88' lang='lat' dir='ltr'><strong>valetudines</strong></span> <span class='ocrx_word' id='word_1_251' title='bbox 2079 2810 2259 2878; x_wconf 82' lang='lat' dir='ltr'><strong>creat,</strong></span> 
     </span>
     <span class='ocr_line' id='line_1_31' title="bbox 234 2885 2258 2968; baseline -0 -21"><span class='ocrx_word' id='word_1_252' title='bbox 234 2896 485 2967; x_wconf 91' lang='lat' dir='ltr'><strong>prosunt</strong></span> <span class='ocrx_word' id='word_1_253' title='bbox 539 2889 707 2968; x_wconf 89' lang='lat' dir='ltr'><strong>porri</strong></span> <span class='ocrx_word' id='word_1_254' title='bbox 761 2890 968 2948; x_wconf 89' lang='lat' dir='ltr'><strong>sectivi</strong></span> <span class='ocrx_word' id='word_1_255' title='bbox 1022 2888 1162 2948; x_wconf 80' lang='lat' dir='ltr'><strong>folia</strong></span> <span class='ocrx_word' id='word_1_256' title='bbox 1218 2906 1338 2947; x_wconf 90' lang='lat' dir='ltr'><strong>non</strong></span> <span class='ocrx_word' id='word_1_257' title='bbox 1394 2895 1562 2948; x_wconf 88' lang='lat' dir='ltr'><strong>cocta</strong></span> <span class='ocrx_word' id='word_1_258' title='bbox 1618 2888 1747 2947; x_wconf 89' lang='lat' dir='ltr'><strong>sine</strong></span> <span class='ocrx_word' id='word_1_259' title='bbox 1803 2905 1954 2966; x_wconf 89' lang='lat' dir='ltr'><strong>pane</strong></span> <span class='ocrx_word' id='word_1_260' title='bbox 2012 2885 2258 2947; x_wconf 88' lang='lat' dir='ltr'><strong>adsidue</strong></span> 
     </span>
    </p>

    <p class='ocr_par' dir='ltr' id='par_1_9' title="bbox 162 2974 2365 3147">
     <span class='ocr_line' id='line_1_32' title="bbox 162 2974 2365 3057; baseline 0.001 -26"><span class='ocrx_word' id='word_1_261' title='bbox 162 2990 211 3031; x_wconf 75' lang='lat' dir='ltr'><strong>so</strong></span> <span class='ocrx_word' id='word_1_262' title='bbox 238 2977 605 3038; x_wconf 90' lang='lat' dir='ltr'><strong>manducata.</strong></span> <span class='ocrx_word' id='word_1_263' title='bbox 682 2974 891 3037; x_wconf 89' lang='lat' dir='ltr'><strong>Oleum</strong></span> <span class='ocrx_word' id='word_1_264' title='bbox 939 2975 1197 3037; x_wconf 89' lang='lat' dir='ltr'><strong>calidum</strong></span> <span class='ocrx_word' id='word_1_265' title='bbox 1243 2978 1318 3057; x_wconf 91' lang='lat' dir='ltr'><strong>ei,</strong></span> <span class='ocrx_word' id='word_1_266' title='bbox 1364 2978 1468 3055; x_wconf 91' lang='lat' dir='ltr'><strong>qui</strong></span> <span class='ocrx_word' id='word_1_267' title='bbox 1515 2976 1588 3037; x_wconf 88' lang='lat' dir='ltr'><strong>de</strong></span> <span class='ocrx_word' id='word_1_268' title='bbox 1636 2995 1746 3036; x_wconf 90' lang='lat' dir='ltr'><strong>uva</strong></span> <span class='ocrx_word' id='word_1_269' title='bbox 1793 2984 1855 3036; x_wconf 94' lang='lat' dir='ltr'><strong>et</strong></span> <span class='ocrx_word' id='word_1_270' title='bbox 1898 2976 2135 3036; x_wconf 89' lang='lat' dir='ltr'><strong>arteriis</strong></span> <span class='ocrx_word' id='word_1_271' title='bbox 2180 2975 2258 3035; x_wconf 87' lang='lat' dir='ltr'><strong>la·</strong></span> <span class='ocrx_word' id='word_1_272' title='bbox 2296 2986 2365 3035; x_wconf 82' lang='lat'><strong>51</strong></span> 
     </span>
     <span class='ocr_line' id='line_1_33' title="bbox 235 3064 2258 3147; baseline 0 -22"><span class='ocrx_word' id='word_1_273' title='bbox 235 3064 427 3147; x_wconf 88' lang='lat' dir='ltr'><strong>horat,</strong></span> <span class='ocrx_word' id='word_1_274' title='bbox 485 3067 652 3126; x_wconf 90' lang='lat' dir='ltr'><strong>eunti</strong></span> <span class='ocrx_word' id='word_1_275' title='bbox 707 3064 1029 3125; x_wconf 90' lang='lat' dir='ltr'><strong>dormitum</strong></span> <span class='ocrx_word' id='word_1_276' title='bbox 1085 3067 1149 3125; x_wconf 92' lang='lat' dir='ltr'><strong>in</strong></span> <span class='ocrx_word' id='word_1_277' title='bbox 1205 3064 1521 3125; x_wconf 89' lang='lat' dir='ltr'><strong>cerebrum</strong></span> <span class='ocrx_word' id='word_1_278' title='bbox 1579 3072 1639 3125; x_wconf 89' lang='lat' dir='ltr'><strong>et</strong></span> <span class='ocrx_word' id='word_1_279' title='bbox 1693 3067 1752 3124; x_wconf 88' lang='lat' dir='ltr'><strong>in</strong></span> <span class='ocrx_word' id='word_1_280' title='bbox 1801 3082 1978 3125; x_wconf 88' lang='lat' dir='ltr'><strong>aures</strong></span> <span class='ocrx_word' id='word_1_281' title='bbox 2025 3064 2258 3126; x_wconf 82' lang='lat' dir='ltr'><strong>infundi</strong></span> 
     </span>
    </p>

    <p class='ocr_par' dir='ltr' id='par_1_10' title="bbox 191 3152 2363 3324">
     <span class='ocr_line' id='line_1_34' title="bbox 191 3152 2363 3233; baseline -0 -21"><span class='ocrx_word' id='word_1_282' title='bbox 191 3207 196 3212; x_wconf 85' lang='lat'><strong>.</strong></span> <span class='ocrx_word' id='word_1_283' title='bbox 234 3154 378 3215; x_wconf 88' lang='lat' dir='ltr'><strong>utile</strong></span> <span class='ocrx_word' id='word_1_284' title='bbox 426 3162 534 3216; x_wconf 88' lang='lat' dir='ltr'><strong>est.</strong></span> <span class='ocrx_word' id='word_1_285' title='bbox 609 3152 790 3214; x_wconf 91' lang='lat' dir='ltr'><strong>Uvam</strong></span> <span class='ocrx_word' id='word_1_286' title='bbox 837 3161 963 3214; x_wconf 90' lang='lat' dir='ltr'><strong>toto</strong></span> <span class='ocrx_word' id='word_1_287' title='bbox 1011 3171 1165 3213; x_wconf 90' lang='lat' dir='ltr'><strong>anno</strong></span> <span class='ocrx_word' id='word_1_288' title='bbox 1212 3171 1333 3214; x_wconf 90' lang='lat' dir='ltr'><strong>non</strong></span> <span class='ocrx_word' id='word_1_289' title='bbox 1381 3152 1621 3233; x_wconf 89' lang='lat' dir='ltr'><strong>dolebit,</strong></span> <span class='ocrx_word' id='word_1_290' title='bbox 1670 3155 1773 3232; x_wconf 88' lang='lat' dir='ltr'><strong>qui</strong></span> <span class='ocrx_word' id='word_1_291' title='bbox 1819 3172 1957 3215; x_wconf 91' lang='lat' dir='ltr'><strong>cum</strong></span> <span class='ocrx_word' id='word_1_292' title='bbox 2001 3155 2262 3233; x_wconf 89' lang='lat' dir='ltr'><strong>primum</strong></span> <span class='ocrx_word' id='word_1_293' title='bbox 2297 3164 2363 3213; x_wconf 71' lang='lat'><strong>52</strong></span> 
     </span>
     <span class='ocr_line' id='line_1_35' title="bbox 234 3242 2262 3324; baseline 0 -23"><span class='ocrx_word' id='word_1_294' title='bbox 234 3261 403 3303; x_wconf 89' lang='lat' dir='ltr'><strong>uvam</strong></span> <span class='ocrx_word' id='word_1_295' title='bbox 453 3244 666 3303; x_wconf 88' lang='lat' dir='ltr'><strong>viderit</strong></span> <span class='ocrx_word' id='word_1_296' title='bbox 711 3242 1152 3324; x_wconf 89' lang='lat' dir='ltr'><strong>procedentem,</strong></span> <span class='ocrx_word' id='word_1_297' title='bbox 1199 3244 1441 3302; x_wconf 89' lang='lat' dir='ltr'><strong>sinistra</strong></span> <span class='ocrx_word' id='word_1_298' title='bbox 1485 3260 1664 3303; x_wconf 90' lang='lat' dir='ltr'><strong>manu</strong></span> <span class='ocrx_word' id='word_1_299' title='bbox 1704 3242 1886 3322; x_wconf 88' lang='lat' dir='ltr'><strong>digito</strong></span> <span class='ocrx_word' id='word_1_300' title='bbox 1924 3242 2262 3303; x_wconf 88' lang='lat' dir='ltr'><strong>medicinali</strong></span> 
     </span>
    </p>
   </div>
   <div class='ocr_carea' id='block_1_4' title="bbox 235 3393 2260 3677">
    <p class='ocr_par' dir='ltr' id='par_1_11' title="bbox 235 3393 2260 3677">
     <span class='ocr_line' id='line_1_36' title="bbox 380 3393 2260 3465; baseline -0.001 -17"><span class='ocrx_word' id='word_1_301' title='bbox 380 3401 407 3448; x_wconf 89' lang='lat'>1</span> <span class='ocrx_word' id='word_1_302' title='bbox 450 3393 781 3465; x_wconf 81' lang='lat' dir='ltr'><strong>glueerizae.</strong></span> <span class='ocrx_word' id='word_1_303' title='bbox 928 3400 962 3448; x_wconf 84' lang='lat'>4</span> <span class='ocrx_word' id='word_1_304' title='bbox 999 3393 1259 3464; x_wconf 86' lang='lat' dir='ltr'><strong>globolis.</strong></span> <span class='ocrx_word' id='word_1_305' title='bbox 1401 3399 1432 3449; x_wconf 88' lang='lat'>8</span> <span class='ocrx_word' id='word_1_306' title='bbox 1470 3394 1946 3451; x_wconf 83' lang='lat' dir='ltr'><strong>intercessionem.</strong></span> <span class='ocrx_word' id='word_1_307' title='bbox 2077 3400 2109 3447; x_wconf 84' lang='lat'>9</span> <span class='ocrx_word' id='word_1_308' title='bbox 2149 3395 2260 3447; x_wconf 81' lang='lat' dir='ltr'><strong>sto-</strong></span> 
     </span>
     <span class='ocr_line' id='line_1_37' title="bbox 235 3464 2259 3537; baseline -0 -18"><span class='ocrx_word' id='word_1_309' title='bbox 235 3466 550 3522; x_wconf 80' lang='lat' dir='ltr'><strong>machicae.</strong></span> <span class='ocrx_word' id='word_1_310' title='bbox 745 3471 811 3520; x_wconf 86' lang='lat'><strong>13</strong></span> <span class='ocrx_word' id='word_1_311' title='bbox 850 3466 1044 3537; x_wconf 87' lang='lat' dir='ltr'><strong>semis]</strong></span> <span class='ocrx_word' id='word_1_312' title='bbox 1084 3464 1328 3522; x_wconf 82' lang='lat' dir='ltr'><strong>seminis.</strong></span> <span class='ocrx_word' id='word_1_313' title='bbox 1536 3465 1860 3534; x_wconf 74' lang='lat' dir='ltr'><strong>glycerizae.</strong></span> <span class='ocrx_word' id='word_1_314' title='bbox 2061 3465 2259 3534; x_wconf 77' lang='lat' dir='ltr'><strong>lyciae.</strong></span> 
     </span>
     <span class='ocr_line' id='line_1_38' title="bbox 239 3535 2260 3605; baseline 0 -15"><span class='ocrx_word' id='word_1_315' title='bbox 239 3543 305 3590; x_wconf 84' lang='lat'><strong>14</strong></span> <span class='ocrx_word' id='word_1_316' title='bbox 330 3535 679 3592; x_wconf 72' lang='lat' dir='ltr'><strong>troclodidiS.</strong></span> <span class='ocrx_word' id='word_1_317' title='bbox 766 3542 833 3591; x_wconf 82' lang='lat'><strong>15</strong></span> <span class='ocrx_word' id='word_1_318' title='bbox 863 3536 1093 3592; x_wconf 72' lang='lat' dir='ltr'><strong>ciathos.</strong></span> <span class='ocrx_word' id='word_1_319' title='bbox 1181 3535 1379 3591; x_wconf 82' lang='lat' dir='ltr'><strong>malini</strong></span> <span class='ocrx_word' id='word_1_320' title='bbox 1405 3538 1632 3605; x_wconf 73' lang='lat' dir='ltr'><strong>scripsi.-</strong></span> <span class='ocrx_word' id='word_1_321' title='bbox 1658 3537 1846 3591; x_wconf 87' lang='lat' dir='ltr'><strong>malei.</strong></span> <span class='ocrx_word' id='word_1_322' title='bbox 1942 3540 2005 3589; x_wconf 90' lang='lat'><strong>18</strong></span> <span class='ocrx_word' id='word_1_323' title='bbox 2035 3536 2260 3590; x_wconf 78' lang='lat' dir='ltr'><strong>habeat.</strong></span> 
     </span>
     <span class='ocr_line' id='line_1_39' title="bbox 236 3607 1110 3677; baseline -0.001 -15"><span class='ocrx_word' id='word_1_324' title='bbox 236 3612 302 3662; x_wconf 82' lang='lat'><strong>19</strong></span> <span class='ocrx_word' id='word_1_325' title='bbox 339 3607 671 3663; x_wconf 80' lang='lat' dir='ltr'><strong>inbicillam.</strong></span> <span class='ocrx_word' id='word_1_326' title='bbox 815 3612 884 3662; x_wconf 78' lang='lat'><strong>28</strong></span> <span class='ocrx_word' id='word_1_327' title='bbox 921 3608 1110 3677; x_wconf 78' lang='lat' dir='ltr'><strong>tpisin.</strong></span> 
     </span>
    </p>
   </div>
  </div>
 </body>
</html>
