2575 4092
973 232 1463 298 -133—

195 412 370 454 uvam
418 395 859 473 prominentem
905 403 1159 457 coercet.
1234 394 1397 457 Folia
1443 396 1584 457 rubi
1624 396 1880 458 arefacta
1917 397 1979 456 in
2017 396 2230 459 umbra
2269 410 2336 461 16

195 485 257 543 in
314 484 584 543 cinerem
639 492 1126 565 concremantur,
1181 486 1233 544 is
1287 486 1441 546 cinis
1486 487 1549 546 in
1596 485 1847 547 cocleari
1894 503 2043 546 uvae
2089 485 2229 548 sub·

194 574 392 632 iectus
446 579 879 651 praesentaneo
933 574 1197 635 remedio
1254 591 1384 635 eam
1431 574 1745 636 contrahit.
1826 573 2228 636 Hirundinum
2269 588 2337 640 17

197 668 549 721 exustarum
604 663 756 722 cinis
811 679 1001 742 usque
1056 663 1127 724 ad
1177 661 1539 742 periculum·
1558 662 1850 724 laboranti
1896 681 2044 724 uvae
2091 682 2229 725 cum

140 768 170 810 5
196 749 376 810 melle
432 752 653 810 mixtus
709 758 986 831 potenter
1030 752 1323 813 inlinitur.
1403 750 1654 813 Alumen
1712 754 1965 813 scissum
2014 751 2225 814 leviter
2270 766 2337 816 13

198 841 412 899 tritum
475 837 567 899 vel
624 846 868 900 tunsum
936 858 1083 901 uvae
1147 839 1455 902 subditum
1518 840 1780 919 prodest.
1883 840 2228 903 Chalcitidis
2268 854 2335 905 19

200 919 281 1013 9-
321 926 373 1008 1,
428 928 585 988 turis
641 919 722 1013 9-
771 926 877 1009 111,
933 929 1112 990 calcis
1165 931 1332 990 vivae
1386 929 1723 1010 denarium,
1779 931 1984 1012 misni,
2039 931 2229 1013 nardi,

197 1016 329 1077 folii
367 1007 448 1101 9-
487 1016 689 1098 binos,
734 1019 898 1078 croci
944 1020 1091 1079 sicci
1128 1010 1209 1104 9-
1254 1016 1334 1099 11,
1389 1021 1585 1080 omnia
1640 1027 1817 1080 tunsa
1864 1026 1926 1080 et
1969 1018 2230 1080 cribrata

198 1107 262 1166 in
320 1123 510 1165 unum
565 1105 844 1166 miscebis
900 1106 1093 1186 deque
1149 1125 1220 1169 eo
1276 1106 1518 1185 pulvere
1586 1109 1649 1169 in
1713 1106 1970 1169 cocleari
2032 1110 2227 1187 posito

116 1213 169 1254 ιο
199 1212 375 1254 uvam
404 1202 628 1276 tangeS‚
666 1202 761 1255 ter
795 1213 987 1278 mane,
1022 1203 1117 1258 ter
1145 1203 1280 1257 ante
1311 1195 1605 1277 balneum,
1641 1206 1874 1258 certum
1902 1198 2230 1276 experieris

198 1283 549 1343 remedium.
643 1282 794 1345 Salis
849 1302 1128 1365 granum,
1182 1287 1352 1365 panis
1406 1287 1646 1366 micam,
1702 1284 2020 1347 carbonem
2066 1304 2228 1346 mor·
2265 1297 2336 1350 20

200 1380 372 1432 tuum
420 1373 483 1432 in
528 1372 843 1452 phoenicio
891 1372 1157 1453 alligabis
1201 1382 1262 1435 et
1304 1373 1424 1435 lino
1463 1375 1623 1436 circa
1661 1373 1877 1435 collum
1914 1392 2088 1435 uvam
2126 1375 2228 1436 do·

200 1460 351 1521 lenti
396 1460 745 1539 suspendes.
821 1461 977 1523 Suco
1016 1463 1105 1523 vel
1143 1462 1295 1524 lacte
1333 1464 1599 1542 caprifici
1642 1464 1705 1524 in
1744 1461 1997 1524 cocleari
2032 1465 2229 1542 posito
2265 1474 2333 1526 21

200 1568 316 1610 uva
370 1552 593 1629 optime
650 1550 1009 1612 sublevatur.
1092 1551 1294 1613 Urtica
1341 1553 1558 1613 teritur
1604 1553 1853 1629 eiusque
1900 1569 2084 1612 sucus
2130 1569 2228 1612 ex·
2266 1564 2336 1614 22

118 1658 172 1699 15
200 1657 448 1717 pressus
504 1646 565 1699 et
621 1640 950 1718 tepefactus
1006 1640 1080 1701 ab
1137 1659 1234 1721 eo,
1291 1642 1396 1719 qui
1449 1658 1624 1701 uvam
1670 1639 1855 1719 dolet,
1909 1637 2230 1700 salubriter

200 1728 612 1807 gargalizatur.
702 1727 991 1810 Lapsslus,
1039 1731 1145 1809 qui
1189 1731 1251 1790 in
1300 1728 1542 1808 sfongea
1588 1728 1863 1789 Africana
1908 1729 2229 1808 invenitur,
2267 1741 2336 1791 23

199 1817 516 1897 phoenicio
565 1815 880 1879 obvolutus
925 1818 1166 1898 linoque
1216 1817 1431 1896 ligatus
1469 1816 1618 1879 collo
1658 1816 2045 1896 suspenditur
2082 1819 2229 1897 eius,
2349 1887 2356 1893 ,

202 1908 308 1986 qui
362 1924 510 1966 uvae
565 1907 706 1967 vitio
762 1905 1008 1970 laborat.
1098 1907 1350 1968 Carmen
1397 1907 1467 1968 ad
1517 1924 1665 1967 uvae
1712 1904 2007 1986 dolorem,
2069 1905 2229 1984 quod
2265 1918 2337 1968 24

201 1997 333 2074 ipse
390 1994 507 2055 sibi
562 1996 666 2074 qui
721 1995 880 2056 dolet
935 2004 1281 2076 praecantet
1336 2004 1396 2057 et
1448 2013 1659 2057 manus
1715 1996 1957 2074 supinas
2013 2013 2045 2055 a
2099 2001 2229 2072 gut-

117 2103 171 2144 so
203 2092 342 2145 ture
398 2100 592 2163 usque
648 2084 720 2145 ad
776 2084 1092 2146 cerebrum
1139 2087 1478 2147 coniunctis
1527 2085 1727 2163 digitis
1774 2084 2000 2145 ducens
2047 2083 2230 2144 dicat:

201 2172 394 2233 Crissi
439 2174 595 2233 crasi
640 2176 926 2235 canerasi.
991 2173 1223 2245 Quibus
1268 2175 1446 2235 dictis
1492 2191 1736 2236 rursum
1781 2191 1991 2234 manus
2029 2191 2061 2234 a
2099 2180 2230 2252 gut-

201 2269 339 2322 ture
386 2262 565 2323 ducat
612 2270 673 2322 et
717 2271 811 2324 ter
855 2262 969 2324 hoc
1015 2263 1209 2325 faciat.
1273 2263 1595 2325 Laboranti
1641 2280 1787 2324 uvae
1824 2262 2110 2323 diuturno
2148 2261 2228 2322 la·
2264 2273 2336 2325 26

200 2349 347 2411 bore
385 2349 532 2411 haec
570 2368 712 2411 cura
753 2354 1081 2413 succurrit:
1124 2352 1477 2414 Hirudinem
1515 2354 1703 2413 vivam
1740 2360 1895 2413 testo
1933 2350 2228 2412 avellanae

201 2438 478 2500 includes
534 2457 783 2518 eamque
838 2439 1151 2519 phoenicio
1215 2440 1539 2502 involutam
1599 2440 1721 2501 lino
1788 2442 1946 2501 circa
2011 2437 2230 2500 collum

116 2544 171 2585 25
200 2526 528 2606 subligabis
574 2529 847 2608 intraque
895 2528 1053 2589 diem
1091 2548 1316 2592 nonum
1352 2532 1511 2591 omni
1555 2528 1824 2590 molestia
1862 2526 2229 2589 liberaberis

198 2615 284 2676 De
329 2634 444 2676 uva
491 2633 664 2694 passa
711 2617 894 2695 eliges
941 2635 1220 2699 granum,
1269 2619 1429 2697 quod
1477 2613 1665 2679 unum
1710 2619 2074 2679 intrinsecus
2122 2634 2226 2677 nu·
2264 2628 2334 2678 26

200 2704 395 2765 cleum
441 2703 680 2784 habeat,
728 2724 984 2786 eumque
1029 2707 1092 2768 in
1138 2707 1454 2785 phoenicio
1510 2706 1775 2785 alligabis
1831 2715 1892 2767 et
1937 2705 2228 2786 faucibuS‚

199 2793 260 2853 id
318 2801 411 2853 est
456 2795 518 2853 in
564 2796 808 2871 regione
854 2812 1027 2873 uvae,
1081 2797 1313 2856 inseres
1359 2804 1421 2857 et
1468 2795 1699 2856 tenebis
1746 2802 1806 2856 et
1852 2795 2041 2856 dices:
2106 2792 2230 2854 Uva

200 2899 375 2942 uvam
414 2881 717 2964 emendat3
755 2900 891 2943 mox
928 2884 1126 2961 ipsum
1164 2883 1545 2963 phoenicium
1575 2901 1754 2964 supra
1784 2884 2069 2944 verticem
2098 2882 2229 2942 eius

118 2987 174 3028 so
200 2968 437 3030 tenebis
495 2977 556 3030 et
610 2970 767 3031 idem
825 2971 989 3032 dices
1045 2990 1300 3051 cumque
1352 2980 1445 3033 ter
1489 2974 1685 3052 ipsum
1734 2972 1950 3033 seceris
1996 2979 2057 3032 et
2101 2988 2229 3031 car-

199 3060 545 3139 minaverIS‚
600 3058 751 3120 collo
808 3059 1064 3121 dolentis
1119 3059 1459 3139 subligabis.
1542 3061 1733 3122 Rosae
1788 3063 1981 3122 siccae
2025 3069 2228 3139 partes
2266 3057 2338 3123 2'2'

198 3147 374 3227 dua8‚
429 3149 610 3227 myrti
662 3155 894 3227 partem
949 3166 1128 3209 unam
1183 3168 1322 3211 cum
1378 3168 1529 3229 aqua
1584 3149 1774 3211 mulsa
1821 3150 2121 3229 decoques
2169 3156 2231 3209 et

197 3235 493 3297 laboranti
529 3253 640 3296 uva
680 3236 849 3297 dabis
883 3236 1374 3316 gargalizandum.
1436 3238 1823 3321 Lenticulam,
1860 3239 2010 3300 ficus
2040 3240 2230 3298 siccas
2290 3245 2297 3250 ’

341 3394 375 3441 3
403 3386 793 3444 herundinum.
877 3395 910 3444 6
939 3389 1211 3446 calchitis.
1297 3396 1366 3445 10
1395 3390 1635 3463 certum]
1662 3391 1909 3447 tertium.
1996 3396 2062 3444 12
2090 3388 2230 3442 feni-

194 3457 297 3513 tio.
420 3465 489 3514 14
523 3476 710 3515 uvam.
833 3466 898 3515 16
935 3460 1194 3517 foenicio.
1315 3469 1384 3516 23
1421 3461 1727 3517 erudinem.
1835 3463 1987 3517 testo
2023 3459 2232 3515 avella-

194 3531 327 3603 nae]
360 3532 512 3585 testa
533 3530 837 3585 Africanae
863 3533 1089 3613 cocleae
1119 3533 1440 3615 Cornqriue.
1514 3538 1585 3587 24
1612 3531 1861 3588 foenitio.
1935 3537 2004 3587 25
2031 3529 2230 3615 libera.-

195 3601 356 3658 beres
385 3603 521 3673 (sic).
631 3606 699 3656 27
727 3601 932 3658 soemo.
1050 3609 1118 3659 29
1147 3603 1449 3660 foemcum.
1571 3609 1639 3658 33
1669 3603 1741 3658 de
1767 3620 1880 3660 uva
1908 3602 2232 3659 Cor-nanus.
