2575 4092
1138 245 1578 311 ..44-

345 430 461 492 que
509 429 578 473 eo
626 412 1068 490 porriginosum
1116 416 1177 470 et
1222 409 1563 470 ulcerosum
1601 415 1780 486 caput
1826 414 2033 469 contra
2079 405 2268 486 pilum
2316 413 2377 467 et

237 514 303 565 31
345 508 549 581 postea
595 498 816 560 lavabis
862 501 925 559 in
964 497 1191 560 balneo.
1266 497 1610 577 Conpositio
1660 498 1880 576 optima
1922 505 1981 557 et
2019 502 2263 574 experta
2302 495 2375 555 ad

345 592 486 651 vitia
523 590 735 668 capitis
773 589 969 650 omnia
1008 605 1190 666 supra
1228 588 1479 665 scripta:
1525 585 1788 646 Pumicis
1825 587 2082 666 unciam,
2119 586 2379 645 castorei

349 712 426 722 —
468 677 535 759 V,
581 696 826 757 spumae
864 679 1094 756 argenti
1137 709 1213 719 —
1249 674 1341 754 vl,
1387 675 1591 755 cyperi
1630 709 1715 718 -—
1743 673 1843 755 111,
1890 691 2125 755 myrrae
2167 706 2242 715 —
2277 672 2379 754 111,

345 765 711 847 myrobalani
760 799 837 812 —-
880 764 1015 847 1111,
1064 763 1374 844 sulphuris
1421 765 1536 824 vivi
1587 797 1664 807 --
1707 762 1760 844 13
1806 764 2003 823 omnia
2049 761 2267 823 tundes
2314 770 2378 822 et
2429 775 2456 817 5

347 855 638 918 cribrabis
693 863 755 915 et
809 855 1120 933 permixtis
1182 872 1293 933 pro
1359 852 1705 932 aphronitro
1770 854 1833 912 in
1893 851 2106 912 balneo
2171 852 2380 912 uteris.

240 958 307 1007 32
347 945 554 1023 Adipis
602 945 821 1004 veteris
868 941 1074 1004 suillae
1121 941 1183 1002 P.
1223 941 1249 1001 Ι
1295 949 1357 1003 et
1401 943 1553 1020 picis
1599 941 1836 1002 cedriae
1881 940 1946 1001 P.
1989 940 2014 1001 1
2067 942 2204 1019 igne
2260 939 2380 1000 dis-

348 1033 567 1114 solveS,
625 1039 751 1093 tum
809 1030 1113 1110 staphidos
1169 1033 1367 1109 agriae
1423 1036 1635 1091 tunsae
1691 1031 1929 1092 unciam
1983 1027 2263 1090 miscebis
2321 1035 2382 1088 et

348 1129 484 1182 ante
531 1121 736 1181 horam
776 1137 954 1200 quam
991 1119 1065 1180 ad
1101 1118 1381 1180 balneum
1416 1119 1593 1181 vadas
1640 1121 1722 1180 ita
1768 1125 1949 1198 caput
1992 1119 2151 1178 vitiis
2198 1135 2383 1197 supra

349 1211 591 1289 scriptis
636 1208 911 1270 laborans
959 1214 1166 1269 contra
1212 1207 1399 1287 pilum
1446 1207 1717 1288 fricabis‚
1763 1215 1832 1268 ut
1885 1206 2142 1268 insideat
2195 1205 2380 1266 medi·
2409 1220 2462 1261 ιο

349 1305 708 1380 camentum‚
753 1295 912 1377 quod
961 1314 1082 1359 non
1129 1304 1265 1357 ante
1314 1296 1505 1358 dilues
1553 1314 1731 1377 quam
1777 1296 1850 1357 ad
1897 1294 2113 1356 solium
2158 1296 2382 1356 veniae.

351 1387 415 1449 Si
444 1394 642 1448 autem
680 1386 1060 1448 medicamini
1094 1384 1237 1446 huic
1275 1386 1566 1447 adieceris
1595 1384 1791 1446 ladani
1819 1383 2165 1464 scripulum,
2203 1383 2382 1463 capil-

243 1490 310 1540 33
349 1477 473 1538 lum
519 1479 751 1537 nutries
797 1474 1220 1555 pulchriorem.
1288 1473 1580 1535 Furfures
1623 1477 1832 1554 capitis
1879 1471 2384 1554 extenuabuntur,

350 1567 403 1627 si
457 1572 725 1627 stercore
779 1565 1018 1625 murino
1083 1563 1400 1642 liquefacto
1466 1565 1530 1624 in
1594 1571 1762 1624 aceto
1818 1571 1997 1641 caput
2049 1563 2113 1622 in
2168 1560 2382 1622 balneo

243 1667 313 1716 34
349 1655 758 1734 perfricueriS.
848 1651 1020 1714 Lotio
1086 1654 1322 1713 taurino
1379 1659 1559 1731 caput
1614 1654 1666 1712 si
1719 1651 1959 1733 laveris,
2014 1652 2383 1730 porriginem
2413 1663 2462 1705 15
2553 1698 2554 1701 η

243 1755 312 1806 36
350 1745 815 1805 vetustissimam
862 1741 1031 1804 tollit.
1106 1740 1410 1803 Vetustam
1458 1742 1823 1820 porriginem
1860 1742 2010 1801 mire
2049 1739 2293 1820 adimeS,
2334 1742 2388 1800 si

348 1832 570 1894 herbae
616 1831 986 1912 cyclaminis‚
1039 1830 1100 1892 id
1147 1837 1240 1891 est
1284 1829 1637 1890 orbicularis
1648 1876 1667 1910 ‚
1726 1847 1871 1890 suco
1929 1828 2237 1909 sulphuris
2283 1828 2384 1889 ali-

351 1928 639 2002 quantum
684 1921 1000 1981 miscueris
1048 1925 1108 1979 et
1153 1918 1233 1980 fel
1279 1919 1604 1980 scrofinutn
1666 1925 1844 1998 atque
1899 1918 2039 1978 inde
2096 1923 2277 1996 caput
2320 1919 2385 1977 in

244 2022 312 2073 36
352 2009 562 2071 balneo
610 2009 761 2070 bene
807 2006 1178 2088 perfricabiS.
1254 2006 1466 2068 Ulcera
1513 2008 1724 2086 capitis
1766 2006 1963 2068 subito
2002 2014 2137 2067 nata
2176 2023 2382 2067 sanan·

352 2106 478 2178 tur,
535 2099 588 2157 si
643 2099 795 2157 asini
849 2097 1135 2157 stercoris
1191 2113 1337 2157 suco
1393 2103 1454 2157 et
1508 2096 1708 2157 scillae
1755 2098 2045 2157 contritae
2095 2103 2380 2174 quantum
2412 2109 2463 2150 πο

356 2188 500 2247 satis
536 2184 835 2246 videbitur
872 2193 935 2245 et
970 2183 1229 2245 bubulae
1264 2184 1454 2263 adipis
1482 2185 1832 2246 tantundem
1860 2186 2177 2245 miscueris
2204 2190 2381 2263 atque

246 2287 314 2335 37
356 2275 428 2335 ad
476 2275 688 2353 capitis
733 2273 940 2334 ulcera
987 2271 1169 2333 veluti
1215 2282 1419 2334 ceroto
1465 2292 1612 2334 usus
1659 2274 1863 2335 fueris.
1937 2272 2044 2334 Fel
2083 2274 2380 2334 taurinum

353 2365 606 2424 mixtum
652 2380 791 2424 cum
837 2363 997 2423 nitro
1043 2370 1105 2422 et
1149 2364 1284 2422 vino
1333 2369 1392 2423 et
1439 2362 1586 2444 oleo,
1634 2362 1793 2442 quod
1841 2364 1985 2423 satis
2032 2364 2135 2443 sit,
2185 2361 2381 2422 ulcera
2445 2420 2450 2425 ,

247 2464 315 2514 38
356 2453 567 2531 capitis
624 2450 715 2512 vel
771 2450 1202 2512 fervescentem
1259 2450 1519 2511 scabiem
1576 2458 1759 2513 sanat.
1850 2450 2061 2512 Ulcera
2120 2452 2380 2511 recentia

356 2549 414 2602 et
461 2542 739 2601 universa
776 2542 917 2600 vitia
955 2539 1224 2602 ulcerum
1270 2541 1334 2600 in
1381 2542 1573 2619 capite
1621 2547 1831 2601 sanant
1878 2557 2127 2619 vermeS‚
2172 2541 2275 2619 qui
2321 2541 2380 2599 in
2411 2552 2465 2594 25
2508 2545 2512 2550 ’

355 2629 567 2690 arbore
616 2647 753 2690 cava
800 2628 894 2688 vel
939 2627 1178 2708 putrida
1233 2639 1592 2708 nascuntur,
1647 2631 1777 2690 triti
1831 2638 1891 2690 et
1944 2631 2007 2690 in
2054 2646 2250 2709 panno
2297 2629 2379 2688 in·

354 2719 554 2797 positi.
635 2716 823 2778 Iidem
867 2735 1100 2778 vermes
1147 2715 1426 2777 conbusti
1483 2726 1542 2778 et
1599 2736 1735 2778 cum
1783 2717 2000 2779 anetho
2048 2719 2207 2779 sicco
2254 2718 2384 2795 pari

247 2818 315 2867 39
354 2806 618 2886 pondere
664 2807 793 2867 triti
840 2812 902 2866 et
945 2807 1191 2885 inpositi
1237 2812 1448 2866 sanant
1493 2807 1671 2866 etiam
1722 2809 2136 2867 carcinomata.
2220 2804 2383 2866 lnula

353 2898 415 2956 in
466 2894 596 2956 oleo
643 2895 907 2956 discocta
953 2903 1015 2955 et
1061 2895 1318 2955 contrita
1365 2902 1426 2954 et
1471 2913 1607 2956 cum
1646 2894 1860 2975 butyro
1899 2893 2074 2955 ovillo
2114 2901 2176 2955 et
2209 2893 2381 2954 melle

353 2985 610 3063 inposita
649 2982 929 3044 cacoethe
970 2981 1277 3062 [maligna]
1319 2983 1619 3065 emendat3
1658 2983 1861 3045 eadem
1901 2986 2131 3044 ratione
2171 3001 2379 3043 curan-
2410 2997 2465 3038 so

355 3083 455 3134 tur
493 3079 553 3133 et
590 3071 820 3152 tubera,
866 3072 970 3133 sed
1008 3072 1154 3133 haec
1192 3073 1322 3132 vice
1361 3072 1666 3151 emplastri
1703 3091 1899 3152 panno
1940 3071 2112 3133 inlini
2149 3070 2382 3132 debent.

248 3172 317 3221 40
356 3160 602 3221 Vermes
643 3160 947 3222 ulceribus
985 3161 1195 3240 capitis
1231 3159 1325 3220 vel
1365 3160 1842 3240 quibuscumque
1880 3163 2069 3222 innati
2105 3178 2384 3221 ranarum

354 3249 490 3310 felle
537 3248 854 3331 tolluntur3
911 3268 978 3309 ea
1036 3267 1202 3329 vero,
1259 3267 1410 3328 quae
1465 3250 1828 3311 intrinsecus
1875 3257 2151 3329 serpunt,
2209 3248 2385 3309 salsa-

355 3346 556 3399 mento
603 3345 805 3399 vetere
853 3346 1031 3399 tunso
1079 3340 1142 3398 in
1188 3340 1378 3398 vicem
1426 3337 1732 3411 emplastri
1775 3341 2033 3418 inposito
2082 3345 2384 3398 sanantur.

246 3438 315 3486 41
353 3426 540 3488 Radix
573 3428 825 3507 peponis
862 3428 1118 3488 contrita
1156 3433 1218 3487 et
1254 3426 1521 3505 adposita
1562 3435 1729 3488 sanat
1756 3427 1974 3508 ulcera,
2015 3445 2166 3507 quae
2205 3427 2387 3506 capiti
2414 3440 2465 3482 ³5

247 3526 318 3575 42
358 3518 419 3577 in
475 3517 716 3577 modum
774 3515 888 3577 favi
943 3524 1356 3576 concrescunt.
1441 3514 1656 3576 Semen
1714 3517 1904 3578 rafani
1951 3517 2159 3577 tritum
2208 3523 2269 3575 et
2315 3534 2384 3576 ex

248 3615 317 3665 43
357 3623 509 3684 aqua
581 3604 916 3685 adpositum
981 3607 1140 3666 sistit
1195 3605 1390 3664 omnia
1448 3603 1665 3667 ulcera.
1756 3605 2007 3667 Porrum
2064 3606 2389 3684 capitatum
