<?xml version="1.0" encoding="UTF-8"?>
<!DOCTYPE html PUBLIC "-//W3C//DTD XHTML 1.0 Transitional//EN"
    "http://www.w3.org/TR/xhtml1/DTD/xhtml1-transitional.dtd">
<html xmlns="http://www.w3.org/1999/xhtml" xml:lang="en" lang="en">
 <head>
  <title>
</title>
<meta http-equiv="Content-Type" content="text/html;charset=utf-8" />
  <meta name='ocr-system' content='tesseract 3.04.00' />
  <meta name='ocr-capabilities' content='ocr_page ocr_carea ocr_par ocr_line ocrx_word'/>
</head>
<body>
  <div class='ocr_page' id='page_1' title='image "./marcellidemedic00unkngoog_0283.png"; bbox 0 0 2575 4092; ppageno 0'>
   <div class='ocr_carea' id='block_1_1' title="bbox 994 247 1480 347">
    <p class='ocr_par' dir='ltr' id='par_1_1' title="bbox 994 247 1480 347">
     <span class='ocr_line' id='line_1_1' title="bbox 994 247 1480 347; baseline 0.002 -35"><span class='ocrx_word' id='word_1_1' title='bbox 994 247 1480 347; x_wconf 66' lang='lat'><strong>÷263—</strong></span> 
     </span>
    </p>
   </div>
   <div class='ocr_carea' id='block_1_2' title="bbox 130 408 2363 3340">
    <p class='ocr_par' dir='ltr' id='par_1_2' title="bbox 212 408 2251 560">
     <span class='ocr_line' id='line_1_2' title="bbox 212 408 2251 490; baseline 0.001 -20"><span class='ocrx_word' id='word_1_2' title='bbox 212 416 321 470; x_wconf 92' lang='lat' dir='ltr'><strong>aut</strong></span> <span class='ocrx_word' id='word_1_3' title='bbox 386 410 588 470; x_wconf 86' lang='lat' dir='ltr'><strong>fumus</strong></span> <span class='ocrx_word' id='word_1_4' title='bbox 653 416 921 490; x_wconf 80' lang='lat' dir='ltr'><strong>emanet3</strong></span> <span class='ocrx_word' id='word_1_5' title='bbox 993 408 1405 472; x_wconf 84' lang='lat' dir='ltr'><strong>efficacissime</strong></span> <span class='ocrx_word' id='word_1_6' title='bbox 1475 410 1836 472; x_wconf 85' lang='lat' dir='ltr'><strong>incommodi</strong></span> <span class='ocrx_word' id='word_1_7' title='bbox 1910 413 2040 474; x_wconf 86' lang='lat' dir='ltr'><strong>eius</strong></span> <span class='ocrx_word' id='word_1_8' title='bbox 2105 412 2251 473; x_wconf 87' lang='lat' dir='ltr'><strong>vitio</strong></span> 
     </span>
     <span class='ocr_line' id='line_1_3' title="bbox 215 497 463 560; baseline -0.004 0"><span class='ocrx_word' id='word_1_9' title='bbox 215 497 463 560; x_wconf 77' lang='lat' dir='ltr'>carebit.</span> 
     </span>
    </p>

    <p class='ocr_par' dir='ltr' id='par_1_3' title="bbox 216 588 2358 758">
     <span class='ocr_line' id='line_1_4' title="bbox 396 588 2358 669; baseline 0.002 -21"><span class='ocrx_word' id='word_1_10' title='bbox 396 588 568 649; x_wconf 86' lang='lat' dir='ltr'>Asini</span> <span class='ocrx_word' id='word_1_11' title='bbox 620 606 797 649; x_wconf 87' lang='lat' dir='ltr'><strong>renes</strong></span> <span class='ocrx_word' id='word_1_12' title='bbox 852 589 1098 649; x_wconf 77' lang='lat' dir='ltr'><strong>arefacti</strong></span> <span class='ocrx_word' id='word_1_13' title='bbox 1151 596 1331 667; x_wconf 87' lang='lat' dir='ltr'><strong>atque</strong></span> <span class='ocrx_word' id='word_1_14' title='bbox 1379 589 1577 651; x_wconf 88' lang='lat' dir='ltr'><strong>exusti</strong></span> <span class='ocrx_word' id='word_1_15' title='bbox 1621 590 1893 669; x_wconf 79' lang='lat' dir='ltr'><strong>tritique,</strong></span> <span class='ocrx_word' id='word_1_16' title='bbox 1940 589 2002 651; x_wconf 93' lang='lat' dir='ltr'><strong>id</strong></span> <span class='ocrx_word' id='word_1_17' title='bbox 2048 597 2140 651; x_wconf 90' lang='lat' dir='ltr'><strong>est</strong></span> <span class='ocrx_word' id='word_1_18' title='bbox 2185 592 2250 651; x_wconf 89' lang='lat' dir='ltr'><strong>in</strong></span> <span class='ocrx_word' id='word_1_19' title='bbox 2289 602 2358 651; x_wconf 79' lang='lat'><strong>&#39;12</strong></span> 
     </span>
     <span class='ocr_line' id='line_1_5' title="bbox 216 677 2252 758; baseline 0.001 -20"><span class='ocrx_word' id='word_1_20' title='bbox 216 677 525 756; x_wconf 87' lang='lat' dir='ltr'><strong>pulverem</strong></span> <span class='ocrx_word' id='word_1_21' title='bbox 581 678 999 738; x_wconf 90' lang='lat' dir='ltr'><strong>tenuissimum</strong></span> <span class='ocrx_word' id='word_1_22' title='bbox 1055 677 1310 758; x_wconf 85' lang='lat' dir='ltr'><strong>redacti,</strong></span> <span class='ocrx_word' id='word_1_23' title='bbox 1367 685 1427 739; x_wconf 91' lang='lat' dir='ltr'><strong>et</strong></span> <span class='ocrx_word' id='word_1_24' title='bbox 1480 697 1552 739; x_wconf 85' lang='lat' dir='ltr'><strong>ex</strong></span> <span class='ocrx_word' id='word_1_25' title='bbox 1598 696 1879 740; x_wconf 88' lang='lat' dir='ltr'><strong>mensura</strong></span> <span class='ocrx_word' id='word_1_26' title='bbox 1924 677 2252 741; x_wconf 79' lang='lat' dir='ltr'><strong>conchulae</strong></span> 
     </span>
    </p>

    <p class='ocr_par' dir='ltr' id='par_1_4' title="bbox 159 766 2252 917">
     <span class='ocr_line' id='line_1_6' title="bbox 159 766 2252 849; baseline 0.004 -26"><span class='ocrx_word' id='word_1_27' title='bbox 159 782 190 823; x_wconf 82' lang='lat'>5</span> <span class='ocrx_word' id='word_1_28' title='bbox 221 768 403 827; x_wconf 89' lang='lat' dir='ltr'><strong>unius</strong></span> <span class='ocrx_word' id='word_1_29' title='bbox 458 785 595 828; x_wconf 92' lang='lat' dir='ltr'><strong>cum</strong></span> <span class='ocrx_word' id='word_1_30' title='bbox 651 768 777 827; x_wconf 89' lang='lat' dir='ltr'><strong>vini</strong></span> <span class='ocrx_word' id='word_1_31' title='bbox 829 768 983 827; x_wconf 89' lang='lat' dir='ltr'><strong>meri</strong></span> <span class='ocrx_word' id='word_1_32' title='bbox 1036 766 1262 846; x_wconf 79' lang='lat' dir='ltr'><strong>cyathis</strong></span> <span class='ocrx_word' id='word_1_33' title='bbox 1323 766 1556 829; x_wconf 92' lang='lat' dir='ltr'><strong>duobus</strong></span> <span class='ocrx_word' id='word_1_34' title='bbox 1611 770 2019 848; x_wconf 86' lang='lat' dir='ltr'><strong>strangurioso</strong></span> <span class='ocrx_word' id='word_1_35' title='bbox 2079 770 2252 849; x_wconf 87' lang='lat' dir='ltr'><strong>potui</strong></span> 
     </span>
     <span class='ocr_line' id='line_1_7' title="bbox 221 855 1089 917; baseline -0.001 -1"><span class='ocrx_word' id='word_1_36' title='bbox 221 855 344 916; x_wconf 90' lang='lat' dir='ltr'><strong>dati</strong></span> <span class='ocrx_word' id='word_1_37' title='bbox 390 856 712 917; x_wconf 86' lang='lat' dir='ltr'><strong>efficaciter</strong></span> <span class='ocrx_word' id='word_1_38' title='bbox 757 855 1089 916; x_wconf 89' lang='lat' dir='ltr'><strong>medentur.</strong></span> 
     </span>
    </p>

    <p class='ocr_par' dir='ltr' id='par_1_5' title="bbox 220 943 2362 1204">
     <span class='ocr_line' id='line_1_8' title="bbox 397 943 2357 1011; baseline 0.004 -7"><span class='ocrx_word' id='word_1_39' title='bbox 397 943 602 1005; x_wconf 89' lang='lat' dir='ltr'><strong>Verris</strong></span> <span class='ocrx_word' id='word_1_40' title='bbox 657 944 907 1006; x_wconf 79' lang='lat' dir='ltr'><strong>silvatici</strong></span> <span class='ocrx_word' id='word_1_41' title='bbox 960 944 1170 1005; x_wconf 92' lang='lat' dir='ltr'><strong>lotium</strong></span> <span class='ocrx_word' id='word_1_42' title='bbox 1222 963 1362 1005; x_wconf 93' lang='lat' dir='ltr'><strong>cum</strong></span> <span class='ocrx_word' id='word_1_43' title='bbox 1408 963 1514 1007; x_wconf 88' lang='lat' dir='ltr'><strong>sua</strong></span> <span class='ocrx_word' id='word_1_44' title='bbox 1558 948 1788 1007; x_wconf 83' lang='lat' dir='ltr'><strong>vessica</strong></span> <span class='ocrx_word' id='word_1_45' title='bbox 1833 947 1897 1008; x_wconf 97' lang='lat' dir='ltr'><strong>in</strong></span> <span class='ocrx_word' id='word_1_46' title='bbox 1942 947 2105 1009; x_wconf 89' lang='lat' dir='ltr'><strong>fumo</strong></span> <span class='ocrx_word' id='word_1_47' title='bbox 2153 964 2249 1009; x_wconf 89' lang='lat' dir='ltr'><strong>su·</strong></span> <span class='ocrx_word' id='word_1_48' title='bbox 2289 960 2357 1011; x_wconf 76' lang='lat'><strong>&#39;13</strong></span> 
     </span>
     <span class='ocr_line' id='line_1_9' title="bbox 221 1034 2252 1114; baseline 0.002 -21"><span class='ocrx_word' id='word_1_49' title='bbox 221 1050 505 1113; x_wconf 88' lang='lat' dir='ltr'><strong>spensum</strong></span> <span class='ocrx_word' id='word_1_50' title='bbox 551 1042 611 1095; x_wconf 92' lang='lat' dir='ltr'><strong>et</strong></span> <span class='ocrx_word' id='word_1_51' title='bbox 656 1034 1031 1095; x_wconf 91' lang='lat' dir='ltr'><strong>adservatum</strong></span> <span class='ocrx_word' id='word_1_52' title='bbox 1079 1035 1506 1114; x_wconf 85' lang='lat' dir='ltr'><strong>stranguriosis</strong></span> <span class='ocrx_word' id='word_1_53' title='bbox 1545 1053 1683 1096; x_wconf 92' lang='lat' dir='ltr'><strong>cum</strong></span> <span class='ocrx_word' id='word_1_54' title='bbox 1718 1037 1960 1114; x_wconf 88' lang='lat' dir='ltr'><strong>potione</strong></span> <span class='ocrx_word' id='word_1_55' title='bbox 1996 1037 2252 1097; x_wconf 88' lang='lat' dir='ltr'><strong>mixtum</strong></span> 
     </span>
     <span class='ocr_line' id='line_1_10' title="bbox 220 1122 2362 1204; baseline 0.002 -22"><span class='ocrx_word' id='word_1_56' title='bbox 220 1124 393 1202; x_wconf 90' lang='lat' dir='ltr'><strong>potui</strong></span> <span class='ocrx_word' id='word_1_57' title='bbox 447 1122 647 1184; x_wconf 91' lang='lat' dir='ltr'><strong>datum</strong></span> <span class='ocrx_word' id='word_1_58' title='bbox 702 1123 1111 1184; x_wconf 88' lang='lat' dir='ltr'><strong>efficacissime</strong></span> <span class='ocrx_word' id='word_1_59' title='bbox 1166 1124 1430 1202; x_wconf 90' lang='lat' dir='ltr'><strong>prodest.</strong></span> <span class='ocrx_word' id='word_1_60' title='bbox 1520 1123 1635 1185; x_wconf 89' lang='lat' dir='ltr'><strong>Pili</strong></span> <span class='ocrx_word' id='word_1_61' title='bbox 1690 1126 1919 1204; x_wconf 87' lang='lat' dir='ltr'><strong>caprini</strong></span> <span class='ocrx_word' id='word_1_62' title='bbox 1974 1123 2255 1186; x_wconf 83' lang='lat' dir='ltr'><strong>conbusti</strong></span> <span class='ocrx_word' id='word_1_63' title='bbox 2291 1138 2362 1190; x_wconf 76' lang='lat'><strong>&#39;14</strong></span> 
     </span>
    </p>

    <p class='ocr_par' dir='ltr' id='par_1_6' title="bbox 130 1212 2358 1631">
     <span class='ocr_line' id='line_1_11' title="bbox 130 1212 2253 1294; baseline 0.004 -28"><span class='ocrx_word' id='word_1_64' title='bbox 130 1227 193 1267; x_wconf 77' lang='grc' dir='ltr'><strong>ιο</strong></span> <span class='ocrx_word' id='word_1_65' title='bbox 221 1212 469 1291; x_wconf 79' lang='lat' dir='ltr'><strong>tritique</strong></span> <span class='ocrx_word' id='word_1_66' title='bbox 524 1218 584 1272; x_wconf 92' lang='lat' dir='ltr'><strong>et</strong></span> <span class='ocrx_word' id='word_1_67' title='bbox 637 1214 700 1273; x_wconf 93' lang='lat' dir='ltr'><strong>in</strong></span> <span class='ocrx_word' id='word_1_68' title='bbox 754 1214 995 1291; x_wconf 91' lang='lat' dir='ltr'><strong>potione</strong></span> <span class='ocrx_word' id='word_1_69' title='bbox 1056 1212 1178 1273; x_wconf 88' lang='lat' dir='ltr'><strong>dati</strong></span> <span class='ocrx_word' id='word_1_70' title='bbox 1233 1214 1677 1292; x_wconf 85' lang='lat' dir='ltr'><strong>stranguriosos</strong></span> <span class='ocrx_word' id='word_1_71' title='bbox 1731 1221 2008 1294; x_wconf 90' lang='lat' dir='ltr'><strong>potenter</strong></span> <span class='ocrx_word' id='word_1_72' title='bbox 2055 1232 2253 1275; x_wconf 91' lang='lat' dir='ltr'><strong>emen-</strong></span> 
     </span>
     <span class='ocr_line' id='line_1_12' title="bbox 219 1300 2358 1383; baseline 0.002 -22"><span class='ocrx_word' id='word_1_73' title='bbox 219 1300 380 1361; x_wconf 90' lang='lat' dir='ltr'><strong>dant.</strong></span> <span class='ocrx_word' id='word_1_74' title='bbox 451 1300 871 1362; x_wconf 90' lang='lat' dir='ltr'><strong>Pediculorum</strong></span> <span class='ocrx_word' id='word_1_75' title='bbox 918 1303 1269 1381; x_wconf 85' lang='lat' dir='ltr'><strong>agninorum</strong></span> <span class='ocrx_word' id='word_1_76' title='bbox 1318 1301 1705 1364; x_wconf 91' lang='lat' dir='ltr'><strong>decoctorum</strong></span> <span class='ocrx_word' id='word_1_77' title='bbox 1749 1304 1846 1365; x_wconf 92' lang='lat' dir='ltr'><strong>ius</strong></span> <span class='ocrx_word' id='word_1_78' title='bbox 1885 1304 2056 1383; x_wconf 89' lang='lat' dir='ltr'><strong>potui</strong></span> <span class='ocrx_word' id='word_1_79' title='bbox 2092 1320 2250 1365; x_wconf 88' lang='lat' dir='ltr'><strong>sum·</strong></span> <span class='ocrx_word' id='word_1_80' title='bbox 2290 1317 2358 1368; x_wconf 82' lang='lat'><strong>&#39;¹15</strong></span> 
     </span>
     <span class='ocr_line' id='line_1_13' title="bbox 215 1390 2358 1471; baseline 0.002 -21"><span class='ocrx_word' id='word_1_81' title='bbox 215 1396 390 1469; x_wconf 89' lang='lat' dir='ltr'><strong>ptum</strong></span> <span class='ocrx_word' id='word_1_82' title='bbox 427 1392 851 1470; x_wconf 87' lang='lat' dir='ltr'><strong>stranguriosis</strong></span> <span class='ocrx_word' id='word_1_83' title='bbox 886 1390 1212 1469; x_wconf 87' lang='lat' dir='ltr'><strong>plurimum</strong></span> <span class='ocrx_word' id='word_1_84' title='bbox 1250 1390 1513 1470; x_wconf 90' lang='lat' dir='ltr'><strong>prodest.</strong></span> <span class='ocrx_word' id='word_1_85' title='bbox 1566 1390 1834 1453; x_wconf 88' lang='lat' dir='ltr'><strong>Irenacei</strong></span> <span class='ocrx_word' id='word_1_86' title='bbox 1860 1410 1998 1453; x_wconf 88' lang='lat' dir='ltr'><strong>caro</strong></span> <span class='ocrx_word' id='word_1_87' title='bbox 2028 1394 2252 1471; x_wconf 88' lang='lat' dir='ltr'><strong>optime</strong></span> <span class='ocrx_word' id='word_1_88' title='bbox 2291 1406 2358 1455; x_wconf 81' lang='grc'><strong>76</strong></span> 
     </span>
     <span class='ocr_line' id='line_1_14' title="bbox 218 1478 2253 1559; baseline 0.001 -20"><span class='ocrx_word' id='word_1_89' title='bbox 218 1478 464 1540; x_wconf 89' lang='lat' dir='ltr'><strong>decocta</strong></span> <span class='ocrx_word' id='word_1_90' title='bbox 510 1487 687 1559; x_wconf 92' lang='lat' dir='ltr'><strong>atque</strong></span> <span class='ocrx_word' id='word_1_91' title='bbox 733 1481 796 1540; x_wconf 92' lang='lat' dir='ltr'><strong>in</strong></span> <span class='ocrx_word' id='word_1_92' title='bbox 844 1479 977 1540; x_wconf 91' lang='lat' dir='ltr'><strong>cibo</strong></span> <span class='ocrx_word' id='word_1_93' title='bbox 1024 1486 1259 1558; x_wconf 88' lang='lat' dir='ltr'><strong>sumpta</strong></span> <span class='ocrx_word' id='word_1_94' title='bbox 1308 1482 1733 1559; x_wconf 87' lang='lat' dir='ltr'><strong>stranguriosis</strong></span> <span class='ocrx_word' id='word_1_95' title='bbox 1778 1483 1928 1542; x_wconf 90' lang='lat' dir='ltr'><strong>mire</strong></span> <span class='ocrx_word' id='word_1_96' title='bbox 1975 1480 2253 1543; x_wconf 86' lang='lat' dir='ltr'><strong>subvenit</strong></span> 
     </span>
     <span class='ocr_line' id='line_1_15' title="bbox 222 1568 1664 1631; baseline 0.001 -2"><span class='ocrx_word' id='word_1_97' title='bbox 222 1574 288 1629; x_wconf 90' lang='lat' dir='ltr'><strong>et</strong></span> <span class='ocrx_word' id='word_1_98' title='bbox 332 1570 451 1630; x_wconf 93' lang='lat' dir='ltr'><strong>cito</strong></span> <span class='ocrx_word' id='word_1_99' title='bbox 497 1568 828 1629; x_wconf 87' lang='lat' dir='ltr'><strong>naturalem</strong></span> <span class='ocrx_word' id='word_1_100' title='bbox 875 1570 1083 1630; x_wconf 87' lang='lat' dir='ltr'><strong>urinae</strong></span> <span class='ocrx_word' id='word_1_101' title='bbox 1132 1586 1377 1630; x_wconf 91' lang='lat' dir='ltr'><strong>cursum</strong></span> <span class='ocrx_word' id='word_1_102' title='bbox 1424 1568 1664 1631; x_wconf 87' lang='lat' dir='ltr'><strong>relaxat.</strong></span> 
     </span>
    </p>

    <p class='ocr_par' dir='ltr' id='par_1_7' title="bbox 131 1656 2359 2094">
     <span class='ocr_line' id='line_1_16' title="bbox 131 1656 2358 1736; baseline 0.003 -23"><span class='ocrx_word' id='word_1_103' title='bbox 131 1672 188 1713; x_wconf 85' lang='lat'><strong>15</strong></span> <span class='ocrx_word' id='word_1_104' title='bbox 402 1656 647 1718; x_wconf 90' lang='lat' dir='ltr'><strong>Cocleae</strong></span> <span class='ocrx_word' id='word_1_105' title='bbox 694 1657 914 1718; x_wconf 85' lang='lat' dir='ltr'><strong>crudae</strong></span> <span class='ocrx_word' id='word_1_106' title='bbox 961 1658 1253 1719; x_wconf 86' lang='lat' dir='ltr'><strong>contritae</strong></span> <span class='ocrx_word' id='word_1_107' title='bbox 1301 1675 1439 1718; x_wconf 92' lang='lat' dir='ltr'><strong>cum</strong></span> <span class='ocrx_word' id='word_1_108' title='bbox 1485 1660 1657 1719; x_wconf 89' lang='lat' dir='ltr'><strong>testis</strong></span> <span class='ocrx_word' id='word_1_109' title='bbox 1703 1659 1829 1719; x_wconf 90' lang='lat' dir='ltr'><strong>suis</strong></span> <span class='ocrx_word' id='word_1_110' title='bbox 1867 1665 1929 1718; x_wconf 91' lang='lat' dir='ltr'><strong>et</strong></span> <span class='ocrx_word' id='word_1_111' title='bbox 1965 1675 2037 1718; x_wconf 84' lang='lat' dir='ltr'><strong>ex</strong></span> <span class='ocrx_word' id='word_1_112' title='bbox 2074 1675 2251 1736; x_wconf 89' lang='lat' dir='ltr'><strong>passo</strong></span> <span class='ocrx_word' id='word_1_113' title='bbox 2290 1672 2358 1723; x_wconf 79' lang='lat'><strong>&#39;¹17</strong></span> 
     </span>
     <span class='ocr_line' id='line_1_17' title="bbox 220 1746 2252 1826; baseline 0.001 -20"><span class='ocrx_word' id='word_1_114' title='bbox 220 1764 330 1825; x_wconf 86' lang='lat' dir='ltr'><strong>per</strong></span> <span class='ocrx_word' id='word_1_115' title='bbox 377 1746 505 1807; x_wconf 89' lang='lat' dir='ltr'><strong>dies</strong></span> <span class='ocrx_word' id='word_1_116' title='bbox 553 1754 780 1826; x_wconf 87' lang='lat' dir='ltr'><strong>septem</strong></span> <span class='ocrx_word' id='word_1_117' title='bbox 828 1753 931 1808; x_wconf 91' lang='lat' dir='ltr'><strong>aut</strong></span> <span class='ocrx_word' id='word_1_118' title='bbox 970 1754 1036 1807; x_wconf 93' lang='lat' dir='ltr'><strong>ut</strong></span> <span class='ocrx_word' id='word_1_119' title='bbox 1081 1746 1409 1826; x_wconf 88' lang='lat' dir='ltr'><strong>plurimum</strong></span> <span class='ocrx_word' id='word_1_120' title='bbox 1454 1765 1666 1808; x_wconf 89' lang='lat' dir='ltr'><strong>novem</strong></span> <span class='ocrx_word' id='word_1_121' title='bbox 1711 1749 1883 1826; x_wconf 88' lang='lat' dir='ltr'><strong>potui</strong></span> <span class='ocrx_word' id='word_1_122' title='bbox 1920 1746 2088 1807; x_wconf 88' lang='lat' dir='ltr'><strong>datae</strong></span> <span class='ocrx_word' id='word_1_123' title='bbox 2127 1747 2252 1808; x_wconf 82' lang='lat' dir='ltr'><strong>effi-</strong></span> 
     </span>
     <span class='ocr_line' id='line_1_18' title="bbox 221 1836 2359 1916; baseline 0 -19"><span class='ocrx_word' id='word_1_124' title='bbox 221 1837 445 1897; x_wconf 89' lang='lat' dir='ltr'><strong>caciter</strong></span> <span class='ocrx_word' id='word_1_125' title='bbox 500 1836 774 1916; x_wconf 80' lang='lat' dir='ltr'><strong>dysuriae</strong></span> <span class='ocrx_word' id='word_1_126' title='bbox 828 1844 1100 1915; x_wconf 86' lang='lat' dir='ltr'><strong>prosunt.</strong></span> <span class='ocrx_word' id='word_1_127' title='bbox 1190 1836 1389 1897; x_wconf 86' lang='lat' dir='ltr'><strong>Amuli</strong></span> <span class='ocrx_word' id='word_1_128' title='bbox 1435 1838 1800 1898; x_wconf 89' lang='lat' dir='ltr'><strong>semunciam</strong></span> <span class='ocrx_word' id='word_1_129' title='bbox 1844 1838 2024 1897; x_wconf 90' lang='lat' dir='ltr'><strong>terito</strong></span> <span class='ocrx_word' id='word_1_130' title='bbox 2071 1844 2251 1915; x_wconf 89' lang='lat' dir='ltr'><strong>atque</strong></span> <span class='ocrx_word' id='word_1_131' title='bbox 2291 1846 2359 1898; x_wconf 79' lang='grc'><strong>’18</strong></span> 
     </span>
     <span class='ocr_line' id='line_1_19' title="bbox 222 1924 2251 2005; baseline 0 -20"><span class='ocrx_word' id='word_1_132' title='bbox 222 1924 423 1986; x_wconf 89' lang='lat' dir='ltr'><strong>addito</strong></span> <span class='ocrx_word' id='word_1_133' title='bbox 469 1944 645 1986; x_wconf 89' lang='lat' dir='ltr'><strong>ovum</strong></span> <span class='ocrx_word' id='word_1_134' title='bbox 691 1943 904 1986; x_wconf 92' lang='lat' dir='ltr'><strong>recens</strong></span> <span class='ocrx_word' id='word_1_135' title='bbox 953 1931 1014 1986; x_wconf 91' lang='lat' dir='ltr'><strong>et</strong></span> <span class='ocrx_word' id='word_1_136' title='bbox 1061 1927 1191 1986; x_wconf 89' lang='lat' dir='ltr'><strong>eius</strong></span> <span class='ocrx_word' id='word_1_137' title='bbox 1247 1927 1343 1985; x_wconf 90' lang='lat' dir='ltr'><strong>ovi</strong></span> <span class='ocrx_word' id='word_1_138' title='bbox 1398 1933 1613 1986; x_wconf 89' lang='lat' dir='ltr'><strong>testam</strong></span> <span class='ocrx_word' id='word_1_139' title='bbox 1666 1933 1761 1985; x_wconf 90' lang='lat' dir='ltr'><strong>ter</strong></span> <span class='ocrx_word' id='word_1_140' title='bbox 1806 1943 1980 2005; x_wconf 85' lang='lat' dir='ltr'><strong>passo</strong></span> <span class='ocrx_word' id='word_1_141' title='bbox 2027 1924 2251 2004; x_wconf 88' lang='lat' dir='ltr'><strong>inpleto</strong></span> 
     </span>
     <span class='ocr_line' id='line_1_20' title="bbox 220 2014 2253 2094; baseline 0 -20"><span class='ocrx_word' id='word_1_142' title='bbox 220 2014 402 2094; x_wconf 89' lang='lat' dir='ltr'><strong>idque</strong></span> <span class='ocrx_word' id='word_1_143' title='bbox 459 2014 739 2093; x_wconf 90' lang='lat' dir='ltr'><strong>poculum</strong></span> <span class='ocrx_word' id='word_1_144' title='bbox 795 2014 898 2076; x_wconf 92' lang='lat' dir='ltr'><strong>diu</strong></span> <span class='ocrx_word' id='word_1_145' title='bbox 953 2015 1237 2093; x_wconf 83' lang='lat' dir='ltr'><strong>agitatum</strong></span> <span class='ocrx_word' id='word_1_146' title='bbox 1294 2021 1355 2076; x_wconf 92' lang='lat' dir='ltr'><strong>et</strong></span> <span class='ocrx_word' id='word_1_147' title='bbox 1410 2015 1796 2075; x_wconf 81' lang='lat' dir='ltr'><strong>fervefactum</strong></span> <span class='ocrx_word' id='word_1_148' title='bbox 1844 2015 2253 2093; x_wconf 83' lang='lat' dir='ltr'><strong>strangurioso</strong></span> 
     </span>
    </p>

    <p class='ocr_par' dir='ltr' id='par_1_8' title="bbox 137 2101 2360 2540">
     <span class='ocr_line' id='line_1_21' title="bbox 137 2101 2252 2185; baseline 0 -22"><span class='ocrx_word' id='word_1_149' title='bbox 137 2116 195 2156; x_wconf 77' lang='lat'><strong>20</strong></span> <span class='ocrx_word' id='word_1_150' title='bbox 224 2121 463 2163; x_wconf 89' lang='lat' dir='ltr'><strong>reverso</strong></span> <span class='ocrx_word' id='word_1_151' title='bbox 521 2122 553 2163; x_wconf 89' lang='lat' dir='ltr'><strong>a</strong></span> <span class='ocrx_word' id='word_1_152' title='bbox 608 2103 856 2164; x_wconf 89' lang='lat' dir='ltr'><strong>balineis</strong></span> <span class='ocrx_word' id='word_1_153' title='bbox 913 2103 1076 2185; x_wconf 86' lang='lat' dir='ltr'><strong>dato,</strong></span> <span class='ocrx_word' id='word_1_154' title='bbox 1138 2105 1298 2163; x_wconf 91' lang='lat' dir='ltr'><strong>omni</strong></span> <span class='ocrx_word' id='word_1_155' title='bbox 1353 2122 1491 2165; x_wconf 90' lang='lat' dir='ltr'><strong>eum</strong></span> <span class='ocrx_word' id='word_1_156' title='bbox 1539 2103 1742 2164; x_wconf 89' lang='lat' dir='ltr'><strong>dolore</strong></span> <span class='ocrx_word' id='word_1_157' title='bbox 1788 2121 1856 2164; x_wconf 91' lang='lat' dir='ltr'><strong>ac</strong></span> <span class='ocrx_word' id='word_1_158' title='bbox 1903 2101 2252 2164; x_wconf 83' lang='lat' dir='ltr'><strong>difficultate</strong></span> 
     </span>
     <span class='ocr_line' id='line_1_22' title="bbox 222 2191 2360 2273; baseline -0 -20"><span class='ocrx_word' id='word_1_159' title='bbox 222 2191 501 2253; x_wconf 89' lang='lat' dir='ltr'><strong>celeriter</strong></span> <span class='ocrx_word' id='word_1_160' title='bbox 547 2191 832 2254; x_wconf 80' lang='lat' dir='ltr'><strong>absolves,</strong></span> <span class='ocrx_word' id='word_1_161' title='bbox 897 2192 1070 2253; x_wconf 88' lang='lat' dir='ltr'><strong>Cicer</strong></span> <span class='ocrx_word' id='word_1_162' title='bbox 1115 2194 1430 2254; x_wconf 87' lang='lat' dir='ltr'><strong>arietinum</strong></span> <span class='ocrx_word' id='word_1_163' title='bbox 1469 2195 1532 2256; x_wconf 90' lang='lat' dir='ltr'><strong>in</strong></span> <span class='ocrx_word' id='word_1_164' title='bbox 1570 2211 1722 2273; x_wconf 86' lang='lat' dir='ltr'><strong>aqua</strong></span> <span class='ocrx_word' id='word_1_165' title='bbox 1759 2192 2075 2272; x_wconf 88' lang='lat' dir='ltr'><strong>decoquito</strong></span> <span class='ocrx_word' id='word_1_166' title='bbox 2114 2209 2252 2253; x_wconf 92' lang='lat' dir='ltr'><strong>cum</strong></span> <span class='ocrx_word' id='word_1_167' title='bbox 2292 2202 2360 2253; x_wconf 74' lang='lat'><strong>&#39;29</strong></span> 
     </span>
     <span class='ocr_line' id='line_1_23' title="bbox 222 2280 2253 2362; baseline 0 -21"><span class='ocrx_word' id='word_1_168' title='bbox 222 2280 342 2341; x_wconf 89' lang='lat' dir='ltr'><strong>sale</strong></span> <span class='ocrx_word' id='word_1_169' title='bbox 389 2299 639 2361; x_wconf 86' lang='lat' dir='ltr'><strong>eamque</strong></span> <span class='ocrx_word' id='word_1_170' title='bbox 686 2284 1094 2361; x_wconf 83' lang='lat' dir='ltr'><strong>strangurioso</strong></span> <span class='ocrx_word' id='word_1_171' title='bbox 1131 2281 1203 2344; x_wconf 89' lang='lat' dir='ltr'><strong>ad</strong></span> <span class='ocrx_word' id='word_1_172' title='bbox 1241 2280 1416 2343; x_wconf 90' lang='lat' dir='ltr'><strong>binos</strong></span> <span class='ocrx_word' id='word_1_173' title='bbox 1454 2283 1697 2362; x_wconf 83' lang='lat' dir='ltr'><strong>cyathos</strong></span> <span class='ocrx_word' id='word_1_174' title='bbox 1731 2280 2053 2342; x_wconf 85' lang='lat' dir='ltr'><strong>bibendam</strong></span> <span class='ocrx_word' id='word_1_175' title='bbox 2095 2281 2253 2362; x_wconf 85' lang='lat' dir='ltr'><strong>dato,</strong></span> 
     </span>
     <span class='ocr_line' id='line_1_24' title="bbox 221 2369 2359 2451; baseline 0.001 -21"><span class='ocrx_word' id='word_1_176' title='bbox 221 2371 544 2434; x_wconf 84' lang='lat' dir='ltr'><strong>efficaciter</strong></span> <span class='ocrx_word' id='word_1_177' title='bbox 574 2372 816 2432; x_wconf 77' lang='lat' dir='ltr'><strong>iuveris,</strong></span> <span class='ocrx_word' id='word_1_178' title='bbox 877 2369 1083 2432; x_wconf 89' lang='lat' dir='ltr'><strong>Fimus</strong></span> <span class='ocrx_word' id='word_1_179' title='bbox 1119 2370 1501 2451; x_wconf 87' lang='lat' dir='ltr'><strong>palumbinus</strong></span> <span class='ocrx_word' id='word_1_180' title='bbox 1528 2374 1592 2432; x_wconf 88' lang='lat' dir='ltr'><strong>in</strong></span> <span class='ocrx_word' id='word_1_181' title='bbox 1619 2369 1946 2433; x_wconf 88' lang='lat' dir='ltr'><strong>sorbitione</strong></span> <span class='ocrx_word' id='word_1_182' title='bbox 1976 2378 2252 2449; x_wconf 88' lang='lat' dir='ltr'><strong>sumptus</strong></span> <span class='ocrx_word' id='word_1_183' title='bbox 2289 2382 2359 2433; x_wconf 86' lang='lat'><strong>80</strong></span> 
     </span>
     <span class='ocr_line' id='line_1_25' title="bbox 222 2458 2191 2540; baseline 0 -21"><span class='ocrx_word' id='word_1_184' title='bbox 222 2478 295 2519; x_wconf 85' lang='lat' dir='ltr'><strong>ex</strong></span> <span class='ocrx_word' id='word_1_185' title='bbox 341 2459 474 2520; x_wconf 86' lang='lat' dir='ltr'><strong>faba</strong></span> <span class='ocrx_word' id='word_1_186' title='bbox 521 2460 672 2521; x_wconf 88' lang='lat' dir='ltr'><strong>facta</strong></span> <span class='ocrx_word' id='word_1_187' title='bbox 720 2459 1066 2520; x_wconf 90' lang='lat' dir='ltr'><strong>admirabile</strong></span> <span class='ocrx_word' id='word_1_188' title='bbox 1114 2462 1541 2538; x_wconf 86' lang='lat' dir='ltr'><strong>stranguriosis</strong></span> <span class='ocrx_word' id='word_1_189' title='bbox 1576 2467 1843 2540; x_wconf 89' lang='lat' dir='ltr'><strong>praestat</strong></span> <span class='ocrx_word' id='word_1_190' title='bbox 1887 2458 2191 2520; x_wconf 85' lang='lat' dir='ltr'><strong>auxilium.</strong></span> 
     </span>
    </p>

    <p class='ocr_par' dir='ltr' id='par_1_9' title="bbox 137 2547 2360 2972">
     <span class='ocr_line' id='line_1_26' title="bbox 137 2547 2356 2611; baseline 0.003 -9"><span class='ocrx_word' id='word_1_191' title='bbox 137 2561 192 2602; x_wconf 80' lang='lat'><strong>25</strong></span> <span class='ocrx_word' id='word_1_192' title='bbox 401 2547 728 2610; x_wconf 89' lang='lat' dir='ltr'><strong>Turturum</strong></span> <span class='ocrx_word' id='word_1_193' title='bbox 766 2550 944 2609; x_wconf 90' lang='lat' dir='ltr'><strong>fimus</strong></span> <span class='ocrx_word' id='word_1_194' title='bbox 984 2567 1054 2609; x_wconf 86' lang='lat' dir='ltr'><strong>ex</strong></span> <span class='ocrx_word' id='word_1_195' title='bbox 1087 2547 1279 2610; x_wconf 90' lang='lat' dir='ltr'><strong>mulso</strong></span> <span class='ocrx_word' id='word_1_196' title='bbox 1310 2559 1517 2611; x_wconf 90' lang='lat' dir='ltr'><strong>coctus</strong></span> <span class='ocrx_word' id='word_1_197' title='bbox 1547 2557 1606 2610; x_wconf 92' lang='lat' dir='ltr'><strong>et</strong></span> <span class='ocrx_word' id='word_1_198' title='bbox 1635 2550 1824 2610; x_wconf 90' lang='lat' dir='ltr'><strong>ceroti</strong></span> <span class='ocrx_word' id='word_1_199' title='bbox 1852 2547 2028 2608; x_wconf 92' lang='lat' dir='ltr'><strong>modo</strong></span> <span class='ocrx_word' id='word_1_200' title='bbox 2056 2548 2253 2608; x_wconf 87' lang='lat' dir='ltr'><strong>ventri</strong></span> <span class='ocrx_word' id='word_1_201' title='bbox 2290 2560 2356 2611; x_wconf 88' lang='lat'><strong>81</strong></span> 
     </span>
     <span class='ocr_line' id='line_1_27' title="bbox 222 2635 2360 2717; baseline 0 -19"><span class='ocrx_word' id='word_1_202' title='bbox 222 2656 288 2698; x_wconf 89' lang='lat' dir='ltr'><strong>ac</strong></span> <span class='ocrx_word' id='word_1_203' title='bbox 328 2637 584 2698; x_wconf 77' lang='lat' dir='ltr'><strong>renibus</strong></span> <span class='ocrx_word' id='word_1_204' title='bbox 630 2637 956 2699; x_wconf 91' lang='lat' dir='ltr'><strong>laborantis</strong></span> <span class='ocrx_word' id='word_1_205' title='bbox 990 2640 1288 2717; x_wconf 89' lang='lat' dir='ltr'><strong>inpositus</strong></span> <span class='ocrx_word' id='word_1_206' title='bbox 1329 2636 1951 2716; x_wconf 68' lang='lat' dir='ltr'><strong>efficaciter‘prodest.</strong></span> <span class='ocrx_word' id='word_1_207' title='bbox 2020 2635 2251 2697; x_wconf 86' lang='lat' dir='ltr'><strong>Mentae</strong></span> <span class='ocrx_word' id='word_1_208' title='bbox 2290 2651 2360 2701; x_wconf 78' lang='lat'><strong>82</strong></span> 
     </span>
     <span class='ocr_line' id='line_1_28' title="bbox 220 2725 2253 2807; baseline -0.001 -20"><span class='ocrx_word' id='word_1_209' title='bbox 220 2726 373 2787; x_wconf 90' lang='lat' dir='ltr'><strong>bene</strong></span> <span class='ocrx_word' id='word_1_210' title='bbox 431 2728 606 2788; x_wconf 89' lang='lat' dir='ltr'><strong>tritae</strong></span> <span class='ocrx_word' id='word_1_211' title='bbox 663 2727 937 2787; x_wconf 86' lang='lat' dir='ltr'><strong>cocliaria</strong></span> <span class='ocrx_word' id='word_1_212' title='bbox 993 2726 1111 2787; x_wconf 91' lang='lat' dir='ltr'><strong>duo</strong></span> <span class='ocrx_word' id='word_1_213' title='bbox 1170 2745 1240 2788; x_wconf 85' lang='lat' dir='ltr'><strong>ex</strong></span> <span class='ocrx_word' id='word_1_214' title='bbox 1299 2744 1450 2807; x_wconf 86' lang='lat' dir='ltr'><strong>aqua</strong></span> <span class='ocrx_word' id='word_1_215' title='bbox 1506 2725 1693 2787; x_wconf 86' lang='lat' dir='ltr'><strong>calida</strong></span> <span class='ocrx_word' id='word_1_216' title='bbox 1747 2728 1946 2787; x_wconf 90' lang='lat' dir='ltr'><strong>ieiuno</strong></span> <span class='ocrx_word' id='word_1_217' title='bbox 1993 2743 2103 2805; x_wconf 91' lang='lat' dir='ltr'><strong>per</strong></span> <span class='ocrx_word' id='word_1_218' title='bbox 2149 2727 2253 2785; x_wconf 90' lang='lat' dir='ltr'><strong>tri-</strong></span> 
     </span>
     <span class='ocr_line' id='line_1_29' title="bbox 221 2812 2254 2896; baseline -0 -21"><span class='ocrx_word' id='word_1_219' title='bbox 221 2816 406 2877; x_wconf 90' lang='lat' dir='ltr'><strong>duum</strong></span> <span class='ocrx_word' id='word_1_220' title='bbox 445 2815 630 2896; x_wconf 82' lang='lat' dir='ltr'><strong>dabis,</strong></span> <span class='ocrx_word' id='word_1_221' title='bbox 668 2818 949 2877; x_wconf 91' lang='lat' dir='ltr'><strong>continuo</strong></span> <span class='ocrx_word' id='word_1_222' title='bbox 990 2818 1276 2877; x_wconf 88' lang='lat' dir='ltr'><strong>vessicam</strong></span> <span class='ocrx_word' id='word_1_223' title='bbox 1313 2815 1603 2877; x_wconf 88' lang='lat' dir='ltr'><strong>relevabis</strong></span> <span class='ocrx_word' id='word_1_224' title='bbox 1633 2816 1983 2895; x_wconf 86' lang='lat' dir='ltr'><strong>urinamque</strong></span> <span class='ocrx_word' id='word_1_225' title='bbox 2014 2812 2254 2875; x_wconf 77' lang='lat' dir='ltr'><strong>laxabis,</strong></span> 
     </span>
     <span class='ocr_line' id='line_1_30' title="bbox 218 2902 2359 2972; baseline -0 -8"><span class='ocrx_word' id='word_1_226' title='bbox 218 2903 393 2965; x_wconf 91' lang='lat' dir='ltr'><strong>Pulei</strong></span> <span class='ocrx_word' id='word_1_227' title='bbox 446 2904 798 2965; x_wconf 86' lang='lat' dir='ltr'><strong>fasciculum</strong></span> <span class='ocrx_word' id='word_1_228' title='bbox 852 2906 915 2965; x_wconf 93' lang='lat' dir='ltr'><strong>in</strong></span> <span class='ocrx_word' id='word_1_229' title='bbox 971 2903 1084 2965; x_wconf 87' lang='lat' dir='ltr'><strong>olla</strong></span> <span class='ocrx_word' id='word_1_230' title='bbox 1139 2923 1290 2965; x_wconf 91' lang='lat' dir='ltr'><strong>nova</strong></span> <span class='ocrx_word' id='word_1_231' title='bbox 1348 2924 1420 2966; x_wconf 83' lang='lat' dir='ltr'><strong>ex</strong></span> <span class='ocrx_word' id='word_1_232' title='bbox 1474 2906 1612 2966; x_wconf 91' lang='lat' dir='ltr'><strong>vino</strong></span> <span class='ocrx_word' id='word_1_233' title='bbox 1667 2912 1867 2966; x_wconf 90' lang='lat' dir='ltr'><strong>vetere</strong></span> <span class='ocrx_word' id='word_1_234' title='bbox 1924 2902 1997 2964; x_wconf 89' lang='lat' dir='ltr'><strong>ad</strong></span> <span class='ocrx_word' id='word_1_235' title='bbox 2045 2903 2253 2964; x_wconf 86' lang='lat' dir='ltr'><strong>tertias</strong></span> <span class='ocrx_word' id='word_1_236' title='bbox 2291 2921 2359 2972; x_wconf 86' lang='lat'><strong>83</strong></span> 
     </span>
    </p>

    <p class='ocr_par' dir='ltr' id='par_1_10' title="bbox 138 2993 2363 3340">
     <span class='ocr_line' id='line_1_31' title="bbox 138 2993 2253 3073; baseline -0 -20"><span class='ocrx_word' id='word_1_237' title='bbox 138 3006 193 3047; x_wconf 74' lang='lat'><strong>80</strong></span> <span class='ocrx_word' id='word_1_238' title='bbox 220 2994 524 3072; x_wconf 87' lang='lat' dir='ltr'><strong>decoques</strong></span> <span class='ocrx_word' id='word_1_239' title='bbox 561 3001 622 3055; x_wconf 92' lang='lat' dir='ltr'><strong>et</strong></span> <span class='ocrx_word' id='word_1_240' title='bbox 650 2995 948 3073; x_wconf 86' lang='lat' dir='ltr'><strong>exprimes</strong></span> <span class='ocrx_word' id='word_1_241' title='bbox 977 3001 1155 3073; x_wconf 87' lang='lat' dir='ltr'><strong>atque</strong></span> <span class='ocrx_word' id='word_1_242' title='bbox 1194 2993 1417 3055; x_wconf 90' lang='lat' dir='ltr'><strong>colabis</strong></span> <span class='ocrx_word' id='word_1_243' title='bbox 1455 3003 1517 3055; x_wconf 92' lang='lat' dir='ltr'><strong>et</strong></span> <span class='ocrx_word' id='word_1_244' title='bbox 1554 3012 1626 3054; x_wconf 85' lang='lat' dir='ltr'><strong>ex</strong></span> <span class='ocrx_word' id='word_1_245' title='bbox 1657 2995 1791 3054; x_wconf 88' lang='lat' dir='ltr'><strong>vino</strong></span> <span class='ocrx_word' id='word_1_246' title='bbox 1830 2994 2033 3054; x_wconf 91' lang='lat' dir='ltr'><strong>ieiuno</strong></span> <span class='ocrx_word' id='word_1_247' title='bbox 2064 2999 2253 3053; x_wconf 90' lang='lat' dir='ltr'><strong>stran-</strong></span> 
     </span>
     <span class='ocr_line' id='line_1_32' title="bbox 219 3081 2363 3162; baseline 0 -19"><span class='ocrx_word' id='word_1_248' title='bbox 219 3084 462 3162; x_wconf 87' lang='lat' dir='ltr'><strong>gurioso</strong></span> <span class='ocrx_word' id='word_1_249' title='bbox 509 3085 782 3161; x_wconf 90' lang='lat' dir='ltr'><strong>potiones</strong></span> <span class='ocrx_word' id='word_1_250' title='bbox 831 3082 1095 3161; x_wconf 83' lang='lat' dir='ltr'><strong>singulas</strong></span> <span class='ocrx_word' id='word_1_251' title='bbox 1131 3101 1240 3162; x_wconf 88' lang='lat' dir='ltr'><strong>per</strong></span> <span class='ocrx_word' id='word_1_252' title='bbox 1277 3084 1542 3144; x_wconf 90' lang='lat' dir='ltr'><strong>triduum</strong></span> <span class='ocrx_word' id='word_1_253' title='bbox 1581 3081 1766 3143; x_wconf 89' lang='lat' dir='ltr'><strong>dabis.</strong></span> <span class='ocrx_word' id='word_1_254' title='bbox 1825 3081 2112 3162; x_wconf 82' lang='lat' dir='ltr'><strong>LapilluS,</strong></span> <span class='ocrx_word' id='word_1_255' title='bbox 2150 3083 2253 3162; x_wconf 89' lang='lat' dir='ltr'><strong>qui</strong></span> <span class='ocrx_word' id='word_1_256' title='bbox 2291 3107 2363 3156; x_wconf 82' lang='lat'><strong>84</strong></span> 
     </span>
     <span class='ocr_line' id='line_1_33' title="bbox 217 3168 2256 3255; baseline -0 -23"><span class='ocrx_word' id='word_1_257' title='bbox 217 3173 524 3232; x_wconf 88' lang='lat' dir='ltr'><strong>invenitur</strong></span> <span class='ocrx_word' id='word_1_258' title='bbox 579 3173 643 3232; x_wconf 93' lang='lat' dir='ltr'><strong>in</strong></span> <span class='ocrx_word' id='word_1_259' title='bbox 701 3173 1032 3251; x_wconf 90' lang='lat' dir='ltr'><strong>scorpionis</strong></span> <span class='ocrx_word' id='word_1_260' title='bbox 1079 3173 1296 3232; x_wconf 91' lang='lat' dir='ltr'><strong>marini</strong></span> <span class='ocrx_word' id='word_1_261' title='bbox 1342 3172 1554 3255; x_wconf 86' lang='lat' dir='ltr'><strong>cauda,</strong></span> <span class='ocrx_word' id='word_1_262' title='bbox 1605 3173 1785 3233; x_wconf 89' lang='lat' dir='ltr'><strong>tritus</strong></span> <span class='ocrx_word' id='word_1_263' title='bbox 1831 3170 2058 3232; x_wconf 86' lang='lat' dir='ltr'><strong>utiliter</strong></span> <span class='ocrx_word' id='word_1_264' title='bbox 2102 3168 2256 3232; x_wconf 89' lang='lat' dir='ltr'><strong>bibi-</strong></span> 
     </span>
     <span class='ocr_line' id='line_1_34' title="bbox 216 3262 1240 3340; baseline 0.001 -19"><span class='ocrx_word' id='word_1_265' title='bbox 216 3268 320 3322; x_wconf 91' lang='lat' dir='ltr'><strong>tur</strong></span> <span class='ocrx_word' id='word_1_266' title='bbox 368 3279 506 3321; x_wconf 93' lang='lat' dir='ltr'><strong>cum</strong></span> <span class='ocrx_word' id='word_1_267' title='bbox 552 3262 688 3321; x_wconf 91' lang='lat' dir='ltr'><strong>vino</strong></span> <span class='ocrx_word' id='word_1_268' title='bbox 735 3278 767 3320; x_wconf 91' lang='lat' dir='ltr'><strong>a</strong></span> <span class='ocrx_word' id='word_1_269' title='bbox 815 3263 1240 3340; x_wconf 81' lang='lat' dir='ltr'><strong>strangurioSO.</strong></span> 
     </span>
    </p>
   </div>
   <div class='ocr_carea' id='block_1_3' title="bbox 218 3410 2256 3695">
    <p class='ocr_par' dir='ltr' id='par_1_11' title="bbox 218 3410 2256 3695">
     <span class='ocr_line' id='line_1_35' title="bbox 434 3410 2254 3485; baseline -0.001 -18"><span class='ocrx_word' id='word_1_270' title='bbox 434 3419 469 3467; x_wconf 89' lang='lat'>4</span> <span class='ocrx_word' id='word_1_271' title='bbox 509 3413 792 3469; x_wconf 80' lang='lat' dir='ltr'><strong>conculae.</strong></span> <span class='ocrx_word' id='word_1_272' title='bbox 896 3418 962 3469; x_wconf 91' lang='lat'><strong>10</strong></span> <span class='ocrx_word' id='word_1_273' title='bbox 1000 3413 1415 3485; x_wconf 77' lang='lat' dir='ltr'><strong>stranguriosis.</strong></span> <span class='ocrx_word' id='word_1_274' title='bbox 1535 3413 1815 3470; x_wconf 78' lang='lat' dir='ltr'><strong>emendat.</strong></span> <span class='ocrx_word' id='word_1_275' title='bbox 1923 3418 1986 3465; x_wconf 91' lang='lat'><strong>11</strong></span> <span class='ocrx_word' id='word_1_276' title='bbox 2025 3410 2254 3481; x_wconf 86' lang='lat' dir='ltr'><strong>pedicu-</strong></span> 
     </span>
     <span class='ocr_line' id='line_1_36' title="bbox 218 3482 2256 3555; baseline -0 -18"><span class='ocrx_word' id='word_1_277' title='bbox 218 3485 404 3539; x_wconf 89' lang='lat' dir='ltr'><strong>lorum</strong></span> <span class='ocrx_word' id='word_1_278' title='bbox 439 3486 640 3555; x_wconf 75' lang='lat' dir='ltr'><strong>scripsi</strong></span> <span class='ocrx_word' id='word_1_279' title='bbox 650 3506 668 3541; x_wconf 84' lang='lat'><strong>.-</strong></span> <span class='ocrx_word' id='word_1_280' title='bbox 706 3483 1070 3553; x_wconf 74' lang='lat' dir='ltr'><strong>peculiorum.</strong></span> <span class='ocrx_word' id='word_1_281' title='bbox 1200 3491 1266 3539; x_wconf 83' lang='lat'><strong>12</strong></span> <span class='ocrx_word' id='word_1_282' title='bbox 1306 3485 1595 3540; x_wconf 81' lang='lat' dir='ltr'><strong>irenascei.</strong></span> <span class='ocrx_word' id='word_1_283' title='bbox 1727 3490 1792 3539; x_wconf 80' lang='lat'><strong>17</strong></span> <span class='ocrx_word' id='word_1_284' title='bbox 1832 3482 2088 3553; x_wconf 72' lang='lat' dir='ltr'><strong>prosunt]</strong></span> <span class='ocrx_word' id='word_1_285' title='bbox 2126 3498 2256 3552; x_wconf 86' lang='lat' dir='ltr'><strong>pro-</strong></span> 
     </span>
     <span class='ocr_line' id='line_1_37' title="bbox 218 3555 2253 3626; baseline 0 -18"><span class='ocrx_word' id='word_1_286' title='bbox 218 3555 441 3611; x_wconf 76' lang='lat' dir='ltr'><strong>sternit.</strong></span> <span class='ocrx_word' id='word_1_287' title='bbox 658 3561 726 3611; x_wconf 77' lang='lat'><strong>28</strong></span> <span class='ocrx_word' id='word_1_288' title='bbox 767 3556 1038 3624; x_wconf 80' lang='lat' dir='ltr'><strong>sumptos.</strong></span> <span class='ocrx_word' id='word_1_289' title='bbox 1258 3562 1328 3611; x_wconf 79' lang='lat'><strong>24</strong></span> <span class='ocrx_word' id='word_1_290' title='bbox 1364 3558 1620 3626; x_wconf 75' lang='lat' dir='ltr'><strong>praestat</strong></span> <span class='ocrx_word' id='word_1_291' title='bbox 1653 3556 1882 3625; x_wconf 72' lang='lat' dir='ltr'><strong>scripsi.-</strong></span> <span class='ocrx_word' id='word_1_292' title='bbox 1916 3556 2253 3625; x_wconf 71' lang='lat' dir='ltr'><strong>praesentat.</strong></span> 
     </span>
     <span class='ocr_line' id='line_1_38' title="bbox 219 3625 1132 3695; baseline 0.003 -14"><span class='ocrx_word' id='word_1_293' title='bbox 219 3631 289 3682; x_wconf 82' lang='lat'><strong>28</strong></span> <span class='ocrx_word' id='word_1_294' title='bbox 327 3625 628 3684; x_wconf 81' lang='lat' dir='ltr'><strong>releuauis.</strong></span> <span class='ocrx_word' id='word_1_295' title='bbox 774 3633 839 3681; x_wconf 85' lang='lat'><strong>31</strong></span> <span class='ocrx_word' id='word_1_296' title='bbox 878 3626 1132 3695; x_wconf 66' lang='lat' dir='ltr'><strong>lupellos.</strong></span> 
     </span>
    </p>
   </div>
  </div>
 </body>
</html>
