2575 4092
1007 244 1081 252 —-
1183 206 1485 272 193-

229 368 420 429 machi
466 369 608 431 facit
654 377 714 429 et
759 369 1009 430 fluorem
1057 371 1343 452 eiusdem,
1389 373 1642 431 maxime
1680 389 1822 432 vero
1860 390 1998 433 cum
2034 373 2256 434 infirmi

228 457 375 518 nihil
420 457 539 519 cibi
585 461 846 519 retinere
895 468 1146 536 possunt
1182 467 1242 521 et
1279 459 1569 539 quidquid
1608 460 1811 521 datum
1848 469 1941 522 est
1976 464 2253 544 reiciunt,

227 548 443 626 recipit
486 547 660 609 haec:
717 546 1035 609 Mastiches
1082 548 1367 610 candidae
1414 551 1677 631 unciam,
1723 550 2091 629 tragacanthi
2136 550 2254 613 albi

228 638 488 716 unciam,
551 635 910 716 Apollinaris
968 636 1188 697 herbae
1243 637 1464 699 radicis
1522 639 1757 699 unciam
1815 657 2009 700 unam.
2104 638 2252 701 Con·

175 740 202 781 5
229 724 500 786 tunditur
555 725 1006 805 tragacanthum
1063 745 1200 787 cum
1246 725 1474 806 radice,
1529 736 1734 806 postea
1781 729 2068 789 mastiche
2115 731 2254 790 trita

225 812 481 876 adicitur
526 822 587 876 et
632 816 948 893 reponitur
994 814 1490 876 medicamentum
1537 818 1599 876 in
1641 817 1831 876 vitreo
1867 834 2022 877 vaso.
2103 817 2252 879 Dan·

226 909 356 984 tur,
412 922 545 964 cum
595 923 748 983 opus
795 911 914 984 est,
967 903 1256 966 coclearia
1304 904 1441 966 bina
1488 913 1617 986 aut,
1672 912 1854 985 prout
1903 909 2252 987 oportuerit,

223 990 359 1069 plus
408 994 676 1053 minusve
718 993 1049 1054 secundum
1084 996 1373 1055 vomitum
1408 994 1631 1056 factum
1668 1012 1737 1055 ex
1780 1012 1967 1073 aquae
2005 994 2252 1075 frigidae

224 1080 455 1160 cyathis
500 1081 714 1143 tribus,

148 1187 198 1226 ιο
404 1171 490 1231 Ad
549 1170 839 1232 stomachi
893 1171 1158 1232 dolorem
1215 1179 1276 1233 et
1330 1170 1693 1233 inflationem
1750 1171 2082 1234 remedium
2139 1175 2252 1235 sic:
2292 1186 2360 1237 16

220 1257 559 1320 Palmarum
598 1260 875 1321 denarios
903 1258 1083 1339 XXX,
1129 1262 1298 1321 anesi
1332 1259 1383 1320 X
1412 1260 1537 1341 1111,
1584 1264 1747 1323 croci
1785 1261 1836 1322 X
1863 1261 1935 1344 II,
1977 1264 2064 1341 git
2101 1261 2152 1322 X
2180 1261 2254 1344 11,

220 1351 380 1409 asari
438 1348 487 1408 X
525 1347 604 1430 11,
661 1352 843 1428 myrti
896 1351 1100 1429 nigrae
1155 1349 1437 1410 bacarum
1484 1349 1536 1410 X
1572 1349 1707 1431 1111,
1761 1352 2023 1430 iuniperi
2077 1350 2253 1413 bacas

219 1437 563 1499 enucleatas
609 1457 860 1500 numero
907 1440 1133 1518 viginti.
1217 1438 1681 1500 Contunduntur
1736 1457 2009 1500 seorsum
2055 1442 2254 1500 omnia

220 1534 282 1586 et
343 1528 406 1587 in
463 1546 649 1588 unum
708 1530 1200 1610 commiscentur,
1257 1526 1471 1588 deinde
1528 1527 1680 1588 fiunt
1733 1526 1979 1608 pastilli,
2036 1527 2136 1589 alii
2180 1528 2252 1589 ad

141 1631 192 1673 15
219 1633 568 1677 mensuram
607 1617 852 1697 denarii,
891 1616 990 1678 alii
1030 1617 1101 1678 ad
1141 1615 1377 1695 pondus
1415 1617 1735 1697 victoriati3
1783 1616 2000 1677 dantur
2036 1617 2254 1678 ieiunis

218 1723 290 1765 ex
343 1722 531 1784 aquae
579 1706 805 1785 cyathis
850 1705 1046 1768 tribus
1092 1713 1196 1766 aut
1241 1725 1315 1766 ex
1361 1710 1645 1784 protropo
1692 1712 1909 1785 musto,
1956 1705 2114 1784 quod
2163 1713 2255 1767 est

217 1795 384 1873 passi
431 1812 637 1872 genus.

403 1882 899 1944 Medicamentum
938 1885 1163 1944 siccum
1202 1883 1275 1943 ad
1318 1881 1609 1943 stomachi
1644 1881 2008 1942 inflationem
2055 1891 2115 1943 et
2152 1882 2252 1942 do·
2294 1896 2358 1948 1'1

214 1972 412 2032 lorem
451 1979 512 2032 et
547 1972 823 2055 inediam,
859 1981 1058 2033 movet
1095 1979 1156 2032 et
1191 1973 1452 2053 urinam3
1499 1971 1633 2031 ideo
1680 1970 1822 2031 facit
1850 1970 2012 2031 etad
2039 1969 2253 2050 hydro-

136 2078 188 2119 20
214 2064 393 2142 picos
450 2069 510 2121 et
563 2063 732 2122 iecur
785 2061 1004 2123 durum
1057 2060 1346 2121 habentes
1407 2067 1468 2121 et
1526 2059 1598 2121 ad
1653 2061 2011 2141 auriginem,
2077 2078 2254 2139 quam

216 2150 465 2231 quidam
512 2153 763 2231 regium,
811 2150 1048 2229 quidam
1096 2158 1410 2229 arquatum
1456 2148 1732 2210 morbum
1779 2157 2015 2231 vocant3
2067 2149 2251 2210 refer·
2337 2224 2340 2227 Ι

215 2249 323 2301 tur
368 2241 434 2299 in
469 2238 697 2300 Musam
735 2239 1076 2320 Antonium,
1121 2240 1339 2318 recipit
1383 2246 1582 2299 autem
1626 2238 1802 2300 haec:
1858 2237 2034 2299 Aloes
2077 2238 2251 2300 dena-

216 2331 347 2388 rios
395 2326 460 2408 V,
508 2330 687 2408 croci,
735 2330 1012 2409 cinnami,
1058 2327 1230 2388 nardi
1277 2326 1550 2407 Syriacae
1599 2329 1814 2408 spicae,
1870 2329 2043 2408 asari,
2093 2326 2251 2408 xylo-

216 2416 489 2497 balsami,
518 2416 838 2477 mastiches
869 2415 1066 2497 Chiae,
1094 2414 1468 2495 singulorum
1497 2416 1771 2477 denarios
1801 2434 2004 2497 senos3
2034 2416 2252 2477 dantur

134 2523 188 2563 25
217 2505 515 2567 coclearia
561 2505 700 2566 bina
746 2504 835 2565 vel
881 2512 1052 2566 terna
1099 2522 1172 2565 ex
1219 2522 1407 2583 aquae
1454 2504 1681 2585 cyathis
1728 2504 1940 2565 tribus,

401 2594 572 2655 Potio
630 2593 939 2655 Cosmiana
996 2594 1069 2654 ad
1125 2611 1362 2654 omnem
1426 2595 1728 2655 internum
1789 2593 2082 2674 dolorem,
2147 2592 2252 2654 sed
2292 2607 2360 2660 18

218 2685 366 2745 facit
412 2684 662 2745 mirifice
710 2684 784 2745 ad
830 2682 1122 2745 stomachi
1166 2681 1403 2743 dolores
1458 2689 1519 2744 et
1568 2683 1640 2743 ad
1689 2685 1945 2743 tussicos
1991 2690 2054 2743 et
2097 2683 2252 2763 pthi-

220 2775 381 2834 sicos
438 2774 790 2851 sanguinem
847 2780 907 2834 et
960 2791 1074 2853 pus
1130 2773 1450 2832 reicientes
1506 2779 1568 2832 et
1631 2771 1704 2831 ad
1768 2773 2050 2832 iocineris
2114 2773 2254 2833 vitia

220 2874 401 2941 atque
449 2861 748 2940 pulmonis
804 2869 865 2922 et
919 2862 991 2922 ad
1046 2860 1251 2922 lateris
1300 2859 1562 2921 dolorem
1611 2878 1721 2920 nec
1767 2862 1967 2921 minus
2013 2859 2085 2920 ad
2132 2867 2253 2921 tor-

134 2968 190 3008 so
220 2953 489 3011 minosos
544 2959 604 3011 et
659 2950 999 3011 convulsam
1056 2956 1160 3011 aut
1212 2956 1451 3029 ruptam
1504 2948 1759 3029 aliquam
1813 2956 2043 3029 partem
2103 2950 2252 3010 inte-

222 3042 519 3101 stinorum
568 3046 628 3100 et
673 3039 747 3100 ad
785 3038 1212 3100 destillationes
1260 3045 1321 3099 et
1357 3037 1430 3099 ad
1468 3057 1590 3120 eos,
1637 3040 1741 3118 qui
1779 3057 2054 3100 somnum
2090 3038 2252 3100 nullo

200 3129 399 3190 modo
448 3147 663 3209 capere
708 3136 989 3209 possunt,
1034 3127 1178 3189 facit
1222 3134 1282 3188 et
1328 3126 1400 3188 ad
1445 3127 1820 3209 hydropicos,
1867 3131 2053 3190 siccat
2094 3130 2254 3191 enim

222 3219 476 3279 mirifice
543 3236 672 3299 eos3
739 3219 1116 3296 componitur
1181 3218 1294 3279 sic:
1384 3216 1569 3277 Dauci
1634 3219 1878 3278 seminis
1942 3217 2255 3278 denarium

224 3326 430 3389 unum,
478 3306 685 3368 alterci
732 3308 976 3367 seminis
1023 3306 1334 3367 denarium
1378 3305 1423 3386 1,
1474 3307 1626 3366 turis
1673 3305 1984 3367 denarium
2030 3304 2056 3365 I
2096 3301 2144 3359 A
2195 3303 2253 3384 S,

132 3410 192 3454 35
224 3415 458 3477 myrrae
515 3396 825 3457 denarium
881 3413 1095 3477 unum,
1160 3398 1323 3457 croci
1378 3394 1689 3455 denarium
1734 3394 1761 3453 1
1816 3394 1864 3452 A
1924 3393 1981 3454 S.
2073 3392 2257 3453 Fiunt

408 3592 472 3640 11
513 3584 709 3640 anethi
744 3584 992 3640 Sco-ibon.

332 3684 654 3738 maumam-ss,
678 3694 758 3727 nn.
785 3684 1096 3725 Ruunt-mon.
1393 3713 1403 3721 ,
1867 3675 1933 3724 13
