2575 4092
277 752 304 800 1

1123 220 1601 285 —302—

1121 400 1281 461 CAP.
1330 398 1610 461 XXVIIII.

345 513 457 570 Ad
494 512 726 570 colum
763 515 834 570 et
869 513 957 568 ad
991 511 1175 568 ileon
1210 512 1515 568 remedia
1540 510 1823 582 physica
1861 514 1931 567 et
1955 510 2387 569 rationabilia

887 600 1155 658 diversa
1201 602 1286 657 de
1335 601 1850 676 experimentis.

524 738 684 800 Bene
731 740 874 800 facit
920 738 993 799 ad
1039 737 1217 819 ileon,
1265 738 1426 819 quod
1464 740 1673 799 vitium
1712 745 1804 799 est
1840 736 2068 799 inflatio
2105 740 2382 799 tenuium

346 829 787 909 intestinorum,
833 827 1065 907 galbani
1111 826 1163 887 X
1211 829 1477 889 semissis
1524 825 1861 908 devoratus,
1908 827 2012 888 sed
2058 828 2125 888 in
2165 826 2382 907 pilulas

346 916 571 978 divisus
628 917 776 978 duas
830 916 923 977 vel
977 923 1141 998 tres3
1197 924 1395 978 movet
1450 917 1609 977 enim
1664 923 1904 977 ructum
1960 924 2020 977 et
2073 917 2382 978 interdum

346 1004 528 1068 deicit
572 1014 816 1067 ventum
864 1005 1147 1066 deorsum
1192 1013 1371 1085 atque
1419 1007 1499 1065 ita
1543 1004 1804 1083 prodest.
2058 999 2065 1005 ’

521 1095 611 1155 Ad
659 1094 818 1155 idem
865 1096 1075 1155 vitium
1121 1094 1372 1154 mirifice
1418 1094 1664 1173 prodest
1708 1092 1823 1154 hoc
1859 1092 2383 1176 medicamentum,
2407 1107 2431 1149 5

345 1183 487 1243 facit
543 1190 743 1244 autem
800 1190 860 1242 et
916 1182 988 1242 ad
1043 1180 1247 1243 lateris
1305 1181 1570 1243 dolorem
1625 1189 1685 1242 et
1740 1181 1813 1242 ad
1866 1199 2100 1243 omnem
2149 1191 2383 1262 partem

346 1273 617 1350 corporis
662 1272 993 1351 interioriS,
1053 1273 1269 1350 accipit
1324 1270 1499 1333 haec:
1571 1269 1757 1331 Dauci
1812 1273 2083 1352 seminiS,
2137 1274 2383 1350 panacis

345 1359 594 1441 radiciS,
636 1361 893 1421 castorei
937 1361 1102 1437 paria
1149 1359 1431 1441 pondera,
1477 1367 1646 1420 rutae
1694 1359 1992 1421 silvaticae
2039 1360 2382 1441 dimidium3

346 1451 615 1510 contusis
660 1448 755 1509 his
803 1447 1119 1527 speciebus
1165 1448 1284 1509 mel
1328 1448 1658 1529 decoctum,
1706 1447 1864 1527 quod
1904 1449 2178 1530 sufficiat,
2227 1450 2383 1511 adici

346 1546 587 1618 oportet
641 1544 820 1617 atque
877 1536 1017 1598 inde
1067 1537 1197 1598 dari
1243 1537 1295 1597 X
1343 1537 1605 1617 singulos
1653 1545 1755 1597 aut
1801 1539 2097 1599 victoriati
2140 1538 2381 1617 pondus
2407 1550 2455 1591 1⁰
2551 1557 2552 1572 ¹

346 1645 419 1687 ex
465 1644 653 1707 aquae
700 1626 923 1687 calidae
971 1625 1200 1706 cyathis
1246 1625 1443 1687 tribus
1489 1633 1591 1686 aut
1638 1624 1890 1687 duobus,

524 1714 762 1794 Optime
796 1715 938 1776 facit
965 1714 1038 1775 ad
1066 1713 1224 1775 ileon
1252 1714 1597 1776 huiusmodi
1623 1714 2032 1776 medicaminis
2059 1733 2171 1794 per
2198 1733 2381 1777 anum

344 1805 632 1864 inmissi0.
715 1803 960 1864 Malvam
1017 1812 1077 1864 et
1132 1804 1372 1864 faenum
1428 1821 1707 1882 graecum
1760 1822 1898 1864 cum
1945 1822 2094 1883 aqua
2141 1812 2382 1882 oportet

344 1891 497 1953 bene
554 1893 734 1973 coqui
789 1900 969 1972 atque
1014 1893 1153 1953 inde
1202 1894 1360 1953 sumi
1404 1891 1720 1953 heminam.
1801 1891 1951 1954 Item
1997 1894 2061 1953 in
2107 1893 2240 1954 oleo
2288 1911 2379 1953 se·

344 1981 629 2043 cundario
680 1982 1005 2061 incoquere
1061 1988 1258 2042 rutam
1314 1980 1497 2042 debes
1544 1998 1720 2059 quam
1766 1980 2082 2060 plurimam
2131 1989 2191 2042 et
2236 1981 2380 2043 hinc
2407 1993 2456 2035 1⁵

342 2071 642 2132 heminam
698 2069 949 2130 calidam
1004 2070 1238 2131 adicere
1294 2071 1484 2148 priori
1535 2088 1739 2148 aquae.
1823 2069 2054 2141 Quibus
2101 2072 2380 2151 utrisque

345 2158 661 2220 admisceri
708 2160 986 2220 convenit
1029 2159 1305 2219 afronitri
1353 2160 1717 2219 semunciam
1774 2164 1834 2219 et
1879 2160 1963 2219 ita
2006 2177 2117 2237 per
2163 2158 2379 2240 clyste-

346 2265 472 2307 rem
528 2246 783 2307 calidum
829 2246 1198 2307 medicamen
1244 2249 1483 2309 inmitti.
1565 2245 1688 2307 Hac
1737 2264 1846 2325 ego
1892 2249 2211 2309 iniectione
2260 2250 2378 2309 iam

345 2342 581 2396 stercus
636 2352 746 2414 per
799 2353 866 2395 os
925 2336 1240 2397 eicientem
1288 2337 1613 2416 quendam,
1669 2335 1829 2415 quod
1886 2338 2120 2414 signum
2171 2338 2376 2397 morti-

345 2423 538 2484 ferum
605 2431 727 2502 est,
794 2426 1009 2485 sanavi.
1100 2424 1209 2485 Est
1272 2433 1473 2486 autem
1526 2426 1737 2485 vitium
1799 2425 2377 2503 periculosissimum
2404 2437 2455 2477 2⁰

343 2512 491 2573 ileos
538 2520 598 2574 et
642 2511 757 2573 hoc
804 2513 939 2574 ideo
981 2515 1142 2574 inter
1178 2515 1497 2594 praecipua
1537 2512 1798 2573 remedia
1836 2514 2127 2595 refertur3
2174 2532 2377 2593 quam-

344 2601 550 2663 obrem
600 2620 734 2662 cum
782 2619 994 2679 magna
1034 2603 1250 2663 fiducia
1288 2601 1403 2662 hoc
1441 2619 1631 2680 genus
1668 2602 1797 2662 vitii
1833 2601 1949 2663 hoc
1984 2603 2377 2665 medicamine

346 2689 673 2751 sanandum
720 2690 966 2769 adgredi
1010 2690 1315 2752 debemuS.

523 2778 612 2839 Ad
659 2778 774 2839 coli
820 2779 1186 2840 inflationem
1233 2778 1386 2839 bene
1434 2779 1575 2839 facit
1621 2780 1841 2859 cymini
1878 2777 2130 2840 silvatici
2168 2798 2375 2841 semen

342 2885 453 2947 per
508 2885 572 2927 se
628 2875 696 2928 ut
750 2875 843 2928 est
897 2868 1100 2929 datum
1160 2869 1373 2929 tritum
1438 2875 1723 2947 quantum
1791 2867 2067 2928 cocliaria
2132 2870 2250 2929 tria
2310 2870 2376 2929 in
2402 2878 2452 2919 2⁵

345 2974 532 3035 aquae
581 2956 803 3017 calidae
851 2956 1077 3035 cyathis
1126 2962 1426 3036 quattuor.

521 3044 667 3105 Nam
726 3044 892 3105 Cassi
950 3045 1164 3106 medici
1218 3044 1406 3106 colice
1461 3063 1599 3105 vera
1665 3044 1868 3105 multis
1930 3053 2067 3106 nota
2125 3053 2376 3125 propter

346 3131 620 3195 effectum
667 3133 814 3194 haec
862 3142 969 3214 est,
1016 3142 1084 3195 ut
1130 3133 1202 3194 ab
1251 3135 1380 3194 eius
1428 3151 1599 3193 servo
1646 3133 1897 3194 Admeto
1939 3137 2146 3212 accepi
2180 3134 2374 3214 legato

344 3220 547 3283 Tiberi
593 3222 878 3302 CaesariS,
927 3224 1030 3302 qui
1078 3240 1208 3282 eam
1256 3222 1468 3283 solitus
1512 3229 1640 3282 erat
1678 3240 2038 3301 componere
2078 3225 2193 3284 sic:
2240 3223 2370 3302 Apii

345 3313 588 3372 seminis
636 3313 1018 3392 semunciam,
1065 3313 1230 3371 anesi
1277 3312 1532 3392 unciam,
1578 3314 1834 3372 castorei
1880 3313 2092 3372 unciae
2140 3319 2373 3373 sextan·
2399 3330 2450 3371 ao

523 3521 590 3570 15
628 3514 787 3571 debis
824 3523 922 3571 Im
968 3517 1137 3572 debes
1173 3521 1288 3573 2m.
1477 3522 1543 3571 17
1587 3516 1827 3572 clistere.
2012 3522 2082 3573 28
2118 3517 2374 3574 Atimeto

343 3583 591 3642 Sco-ibon.
736 3588 936 3657 accipi.
1051 3609 1057 3614 ·
