<?xml version="1.0" encoding="UTF-8"?>
<!DOCTYPE html PUBLIC "-//W3C//DTD XHTML 1.0 Transitional//EN"
    "http://www.w3.org/TR/xhtml1/DTD/xhtml1-transitional.dtd">
<html xmlns="http://www.w3.org/1999/xhtml" xml:lang="en" lang="en">
 <head>
  <title>
</title>
<meta http-equiv="Content-Type" content="text/html;charset=utf-8" />
  <meta name='ocr-system' content='tesseract 3.04.00' />
  <meta name='ocr-capabilities' content='ocr_page ocr_carea ocr_par ocr_line ocrx_word'/>
</head>
<body>
  <div class='ocr_page' id='page_1' title='image "./marcellidemedic00unkngoog_0065.png"; bbox 0 0 2575 4092; ppageno 0'>
   <div class='ocr_carea' id='block_1_1' title="bbox 22 3422 25 3493">
    <p class='ocr_par' dir='ltr' id='par_1_1' title="bbox 22 3380 25 3493">
     <span class='ocr_line' id='line_1_1' title="bbox 22 3422 25 3493; baseline 0 0"><span class='ocrx_word' id='word_1_1' title='bbox 22 3422 25 3493; x_wconf 53' lang='lat' dir='ltr'>l</span> 
     </span>
    </p>
   </div>
   <div class='ocr_carea' id='block_1_2' title="bbox 1038 238 1469 304">
    <p class='ocr_par' dir='ltr' id='par_1_2' title="bbox 1038 238 1469 304">
     <span class='ocr_line' id='line_1_2' title="bbox 1038 238 1469 304; baseline -0.002 -18"><span class='ocrx_word' id='word_1_2' title='bbox 1038 238 1469 304; x_wconf 76' lang='lat'>-55-</span> 
     </span>
    </p>
   </div>
   <div class='ocr_carea' id='block_1_3' title="bbox 148 400 2265 3234">
    <p class='ocr_par' dir='ltr' id='par_1_3' title="bbox 148 400 2265 3234">
     <span class='ocr_line' id='line_1_3' title="bbox 228 400 2265 485; baseline 0.001 -23"><span class='ocrx_word' id='word_1_3' title='bbox 228 404 419 463; x_wconf 83' lang='lat' dir='ltr'>mixta</span> <span class='ocrx_word' id='word_1_4' title='bbox 468 402 529 460; x_wconf 90' lang='lat' dir='ltr'>in</span> <span class='ocrx_word' id='word_1_5' title='bbox 573 400 814 462; x_wconf 85' lang='lat' dir='ltr'>vasculo</span> <span class='ocrx_word' id='word_1_6' title='bbox 861 402 1052 462; x_wconf 84' lang='lat' dir='ltr'>vitreo</span> <span class='ocrx_word' id='word_1_7' title='bbox 1097 401 1396 483; x_wconf 80' lang='lat' dir='ltr'>hahenda3</span> <span class='ocrx_word' id='word_1_8' title='bbox 1452 420 1589 464; x_wconf 88' lang='lat' dir='ltr'>cum</span> <span class='ocrx_word' id='word_1_9' title='bbox 1644 420 1889 464; x_wconf 86' lang='lat' dir='ltr'>necesse</span> <span class='ocrx_word' id='word_1_10' title='bbox 1937 405 2080 485; x_wconf 89' lang='lat' dir='ltr'>erit,</span> <span class='ocrx_word' id='word_1_11' title='bbox 2126 422 2265 466; x_wconf 88' lang='lat' dir='ltr'>con-</span> 
     </span>
     <span class='ocr_line' id='line_1_4' title="bbox 229 489 2263 572; baseline 0.001 -21"><span class='ocrx_word' id='word_1_12' title='bbox 229 489 611 570; x_wconf 87' lang='lat' dir='ltr'>spergendus</span> <span class='ocrx_word' id='word_1_13' title='bbox 654 492 718 550; x_wconf 84' lang='lat' dir='ltr'>in</span> <span class='ocrx_word' id='word_1_14' title='bbox 766 489 998 551; x_wconf 87' lang='lat' dir='ltr'>balineo</span> <span class='ocrx_word' id='word_1_15' title='bbox 1046 493 1226 572; x_wconf 89' lang='lat' dir='ltr'>capiti</span> <span class='ocrx_word' id='word_1_16' title='bbox 1270 491 1369 552; x_wconf 91' lang='lat' dir='ltr'>hic</span> <span class='ocrx_word' id='word_1_17' title='bbox 1415 491 1611 570; x_wconf 86' lang='lat' dir='ltr'>pulvis</span> <span class='ocrx_word' id='word_1_18' title='bbox 1651 490 1744 552; x_wconf 86' lang='lat' dir='ltr'>vel</span> <span class='ocrx_word' id='word_1_19' title='bbox 1780 490 2084 572; x_wconf 88' lang='lat' dir='ltr'>membris,</span> <span class='ocrx_word' id='word_1_20' title='bbox 2122 492 2263 554; x_wconf 91' lang='lat' dir='ltr'>dum</span> 
     </span>
     <span class='ocr_line' id='line_1_5' title="bbox 231 578 2264 662; baseline 0.001 -22"><span class='ocrx_word' id='word_1_21' title='bbox 231 579 431 640; x_wconf 89' lang='lat' dir='ltr'>adhuc</span> <span class='ocrx_word' id='word_1_22' title='bbox 478 581 636 639; x_wconf 88' lang='lat' dir='ltr'>sicca</span> <span class='ocrx_word' id='word_1_23' title='bbox 683 586 847 659; x_wconf 90' lang='lat' dir='ltr'>sunt,</span> <span class='ocrx_word' id='word_1_24' title='bbox 894 578 955 640; x_wconf 91' lang='lat' dir='ltr'>id</span> <span class='ocrx_word' id='word_1_25' title='bbox 1003 587 1095 640; x_wconf 88' lang='lat' dir='ltr'>est</span> <span class='ocrx_word' id='word_1_26' title='bbox 1140 587 1457 659; x_wconf 89' lang='lat' dir='ltr'>antequam</span> <span class='ocrx_word' id='word_1_27' title='bbox 1505 580 1737 662; x_wconf 88' lang='lat' dir='ltr'>sudent,</span> <span class='ocrx_word' id='word_1_28' title='bbox 1784 588 1846 642; x_wconf 88' lang='lat' dir='ltr'>et</span> <span class='ocrx_word' id='word_1_29' title='bbox 1890 581 2264 661; x_wconf 83' lang='lat' dir='ltr'>perfricanda</span> 
     </span>
     <span class='ocr_line' id='line_1_6' title="bbox 231 668 2265 751; baseline 0.002 -23"><span class='ocrx_word' id='word_1_30' title='bbox 231 668 593 748; x_wconf 79' lang='lat' dir='ltr'>diutissime,</span> <span class='ocrx_word' id='word_1_31' title='bbox 637 676 1026 748; x_wconf 70' lang='lat' dir='ltr'><strong>posteaquam</strong></span> <span class='ocrx_word' id='word_1_32' title='bbox 1072 668 1379 748; x_wconf 86' lang='lat' dir='ltr'>pulverem</span> <span class='ocrx_word' id='word_1_33' title='bbox 1425 670 1862 751; x_wconf 73' lang='lat' dir='ltr'>consperserIs3</span> <span class='ocrx_word' id='word_1_34' title='bbox 1923 669 2138 732; x_wconf 90' lang='lat' dir='ltr'>dehinc</span> <span class='ocrx_word' id='word_1_35' title='bbox 2185 670 2265 732; x_wconf 88' lang='lat' dir='ltr'>la·</span> 
     </span>
     <span class='ocr_line' id='line_1_7' title="bbox 174 755 2263 841; baseline 0.004 -28"><span class='ocrx_word' id='word_1_36' title='bbox 174 771 202 813; x_wconf 69' lang='grc'>5</span> <span class='ocrx_word' id='word_1_37' title='bbox 228 756 493 818; x_wconf 79' lang='lat' dir='ltr'>vandum</span> <span class='ocrx_word' id='word_1_38' title='bbox 540 764 718 835; x_wconf 90' lang='lat' dir='ltr'>caput</span> <span class='ocrx_word' id='word_1_39' title='bbox 760 758 826 817; x_wconf 96' lang='lat' dir='ltr'>in</span> <span class='ocrx_word' id='word_1_40' title='bbox 872 755 1068 819; x_wconf 83' lang='lat' dir='ltr'>calore</span> <span class='ocrx_word' id='word_1_41' title='bbox 1116 757 1330 837; x_wconf 86' lang='lat' dir='ltr'>frigida</span> <span class='ocrx_word' id='word_1_42' title='bbox 1376 776 1527 838; x_wconf 90' lang='lat' dir='ltr'>aqua</span> <span class='ocrx_word' id='word_1_43' title='bbox 1573 765 1634 819; x_wconf 89' lang='lat' dir='ltr'>et</span> <span class='ocrx_word' id='word_1_44' title='bbox 1680 757 2141 841; x_wconf 85' lang='lat' dir='ltr'>observandum,</span> <span class='ocrx_word' id='word_1_45' title='bbox 2188 778 2263 821; x_wconf 93' lang='lat' dir='ltr'>ne</span> 
     </span>
     <span class='ocr_line' id='line_1_8' title="bbox 228 844 2263 929; baseline 0.001 -22"><span class='ocrx_word' id='word_1_46' title='bbox 228 849 294 907; x_wconf 91' lang='lat' dir='ltr'>in</span> <span class='ocrx_word' id='word_1_47' title='bbox 341 844 593 906; x_wconf 77' lang='lat' dir='ltr'><strong>calidam</strong></span> <span class='ocrx_word' id='word_1_48' title='bbox 640 853 817 924; x_wconf 87' lang='lat' dir='ltr'>caput</span> <span class='ocrx_word' id='word_1_49' title='bbox 862 864 1123 928; x_wconf 82' lang='lat' dir='ltr'>mergas3</span> <span class='ocrx_word' id='word_1_50' title='bbox 1177 849 1241 907; x_wconf 91' lang='lat' dir='ltr'>in</span> <span class='ocrx_word' id='word_1_51' title='bbox 1288 846 1563 926; x_wconf 82' lang='lat' dir='ltr'>frigidam</span> <span class='ocrx_word' id='word_1_52' title='bbox 1610 864 1785 929; x_wconf 86' lang='lat' dir='ltr'>sane,</span> <span class='ocrx_word' id='word_1_53' title='bbox 1842 849 2119 927; x_wconf 88' lang='lat' dir='ltr'>quotiens</span> <span class='ocrx_word' id='word_1_54' title='bbox 2167 867 2263 909; x_wconf 82' lang='lat' dir='ltr'>vo-</span> 
     </span>
     <span class='ocr_line' id='line_1_9' title="bbox 229 934 2261 1015; baseline 0.001 -19"><span class='ocrx_word' id='word_1_55' title='bbox 229 934 438 1015; x_wconf 77' lang='lat' dir='ltr'>lueriS,</span> <span class='ocrx_word' id='word_1_56' title='bbox 494 952 696 1012; x_wconf 80' lang='lat' dir='ltr'>merge</span> <span class='ocrx_word' id='word_1_57' title='bbox 752 943 814 995; x_wconf 88' lang='lat' dir='ltr'>et</span> <span class='ocrx_word' id='word_1_58' title='bbox 859 944 1062 1014; x_wconf 88' lang='lat' dir='ltr'>postea</span> <span class='ocrx_word' id='word_1_59' title='bbox 1109 935 1330 997; x_wconf 84' lang='lat' dir='ltr'>sabano</span> <span class='ocrx_word' id='word_1_60' title='bbox 1378 935 1694 1014; x_wconf 77' lang='lat' dir='ltr'><strong>diligenter</strong></span> <span class='ocrx_word' id='word_1_61' title='bbox 1740 938 1987 998; x_wconf 82' lang='lat' dir='ltr'>exsicca.</span> <span class='ocrx_word' id='word_1_62' title='bbox 2082 936 2261 998; x_wconf 91' lang='lat' dir='ltr'>Con-</span> 
     </span>
     <span class='ocr_line' id='line_1_10' title="bbox 230 1023 2262 1105; baseline 0.002 -22"><span class='ocrx_word' id='word_1_63' title='bbox 230 1023 457 1085; x_wconf 83' lang='lat' dir='ltr'>fectio</span> <span class='ocrx_word' id='word_1_64' title='bbox 525 1024 674 1083; x_wconf 82' lang='lat' dir='ltr'>sive</span> <span class='ocrx_word' id='word_1_65' title='bbox 739 1023 1132 1102; x_wconf 79' lang='lat' dir='ltr'>dispositio</span> <span class='ocrx_word' id='word_1_66' title='bbox 1195 1024 1601 1105; x_wconf 78' lang='lat' dir='ltr'>emplastri,</span> <span class='ocrx_word' id='word_1_67' title='bbox 1658 1026 1779 1086; x_wconf 90' lang='lat' dir='ltr'>cui</span> <span class='ocrx_word' id='word_1_68' title='bbox 1840 1024 2262 1087; x_wconf 87' lang='lat' dir='ltr'>vocabulum</span> 
     </span>
     <span class='ocr_line' id='line_1_11' title="bbox 230 1112 2262 1194; baseline 0.002 -23"><span class='ocrx_word' id='word_1_69' title='bbox 230 1120 343 1172; x_wconf 88' lang='lat' dir='ltr'>est</span> <span class='ocrx_word' id='word_1_70' title='bbox 390 1112 811 1173; x_wconf 77' lang='lat' dir='ltr'>dictamnos,</span> <span class='ocrx_word' id='word_1_71' title='bbox 904 1112 1200 1174; x_wconf 85' lang='lat' dir='ltr'>Dictamni</span> <span class='ocrx_word' id='word_1_72' title='bbox 1244 1121 1395 1193; x_wconf 87' lang='lat' dir='ltr'>part.</span> <span class='ocrx_word' id='word_1_73' title='bbox 1445 1113 1627 1194; x_wconf 93' lang='lat' dir='ltr'>XXV,</span> <span class='ocrx_word' id='word_1_74' title='bbox 1674 1113 2054 1175; x_wconf 87' lang='lat' dir='ltr'>chamaemeli</span> <span class='ocrx_word' id='word_1_75' title='bbox 2111 1123 2262 1194; x_wconf 90' lang='lat' dir='ltr'>part.</span> 
     </span>
     <span class='ocr_line' id='line_1_12' title="bbox 150 1200 2265 1286; baseline 0.004 -30"><span class='ocrx_word' id='word_1_76' title='bbox 150 1216 203 1255; x_wconf 72' lang='lat' dir='ltr'>ao</span> <span class='ocrx_word' id='word_1_77' title='bbox 233 1200 418 1281; x_wconf 80' lang='lat' dir='ltr'>XIIII,</span> <span class='ocrx_word' id='word_1_78' title='bbox 457 1200 723 1280; x_wconf 87' lang='lat' dir='ltr'>sphagnu</span> <span class='ocrx_word' id='word_1_79' title='bbox 762 1210 911 1280; x_wconf 86' lang='lat' dir='ltr'>part.</span> <span class='ocrx_word' id='word_1_80' title='bbox 950 1201 1124 1283; x_wconf 88' lang='lat' dir='ltr'>VIIII,</span> <span class='ocrx_word' id='word_1_81' title='bbox 1171 1204 1375 1282; x_wconf 81' lang='lat' dir='ltr'>cyperi</span> <span class='ocrx_word' id='word_1_82' title='bbox 1411 1211 1559 1282; x_wconf 82' lang='lat' dir='ltr'>part.</span> <span class='ocrx_word' id='word_1_83' title='bbox 1599 1201 1719 1284; x_wconf 90' lang='lat' dir='ltr'>VII,</span> <span class='ocrx_word' id='word_1_84' title='bbox 1754 1202 1917 1283; x_wconf 89' lang='lat' dir='ltr'>polin</span> <span class='ocrx_word' id='word_1_85' title='bbox 1955 1212 2105 1284; x_wconf 90' lang='lat' dir='ltr'>part.</span> <span class='ocrx_word' id='word_1_86' title='bbox 2137 1202 2265 1286; x_wconf 85' lang='lat' dir='ltr'>XII,</span> 
     </span>
     <span class='ocr_line' id='line_1_13' title="bbox 228 1289 2261 1373; baseline 0.002 -24"><span class='ocrx_word' id='word_1_87' title='bbox 228 1289 382 1351; x_wconf 79' lang='lat' dir='ltr'>lithu</span> <span class='ocrx_word' id='word_1_88' title='bbox 451 1299 661 1369; x_wconf 87' lang='lat' dir='ltr'>gagatu</span> <span class='ocrx_word' id='word_1_89' title='bbox 737 1299 886 1370; x_wconf 86' lang='lat' dir='ltr'>part.</span> <span class='ocrx_word' id='word_1_90' title='bbox 944 1289 1069 1371; x_wconf 90' lang='lat' dir='ltr'>VII,</span> <span class='ocrx_word' id='word_1_91' title='bbox 1138 1308 1311 1352; x_wconf 89' lang='lat' dir='ltr'>cerae</span> <span class='ocrx_word' id='word_1_92' title='bbox 1376 1291 1544 1353; x_wconf 83' lang='lat' dir='ltr'>rufae</span> <span class='ocrx_word' id='word_1_93' title='bbox 1609 1299 1759 1371; x_wconf 88' lang='lat' dir='ltr'>part.</span> <span class='ocrx_word' id='word_1_94' title='bbox 1819 1290 1953 1373; x_wconf 88' lang='lat' dir='ltr'>XII,</span> <span class='ocrx_word' id='word_1_95' title='bbox 2030 1295 2261 1353; x_wconf 90' lang='lat' dir='ltr'>resinae</span> 
     </span>
     <span class='ocr_line' id='line_1_14' title="bbox 227 1377 2261 1460; baseline 0 -21"><span class='ocrx_word' id='word_1_96' title='bbox 227 1378 669 1439; x_wconf 80' lang='lat' dir='ltr'>terebinthinae</span> <span class='ocrx_word' id='word_1_97' title='bbox 715 1388 865 1458; x_wconf 88' lang='lat' dir='ltr'>part.</span> <span class='ocrx_word' id='word_1_98' title='bbox 905 1377 1090 1460; x_wconf 86' lang='lat' dir='ltr'>XIIII,</span> <span class='ocrx_word' id='word_1_99' title='bbox 1146 1382 1544 1442; x_wconf 77' lang='lat' dir='ltr'>ammoniacae</span> <span class='ocrx_word' id='word_1_100' title='bbox 1590 1388 1792 1459; x_wconf 87' lang='lat' dir='ltr'>guttae</span> <span class='ocrx_word' id='word_1_101' title='bbox 1840 1390 1989 1460; x_wconf 90' lang='lat' dir='ltr'>part.</span> <span class='ocrx_word' id='word_1_102' title='bbox 2029 1378 2261 1455; x_wconf 88' lang='lat' dir='ltr'>XXXV,</span> 
     </span>
     <span class='ocr_line' id='line_1_15' title="bbox 226 1466 2257 1551; baseline 0.002 -24"><span class='ocrx_word' id='word_1_103' title='bbox 226 1466 549 1547; x_wconf 85' lang='lat' dir='ltr'>propoleos</span> <span class='ocrx_word' id='word_1_104' title='bbox 604 1474 753 1546; x_wconf 89' lang='lat' dir='ltr'>part.</span> <span class='ocrx_word' id='word_1_105' title='bbox 800 1466 934 1549; x_wconf 84' lang='lat' dir='ltr'>XII,</span> <span class='ocrx_word' id='word_1_106' title='bbox 988 1468 1278 1548; x_wconf 83' lang='lat' dir='ltr'>psimithii</span> <span class='ocrx_word' id='word_1_107' title='bbox 1335 1477 1481 1547; x_wconf 89' lang='lat' dir='ltr'>part.</span> <span class='ocrx_word' id='word_1_108' title='bbox 1528 1468 1636 1529; x_wconf 92' lang='lat' dir='ltr'>XII</span> <span class='ocrx_word' id='word_1_109' title='bbox 1653 1517 1670 1551; x_wconf 97' lang='lat'>,</span> <span class='ocrx_word' id='word_1_110' title='bbox 1726 1467 2062 1531; x_wconf 88' lang='lat' dir='ltr'>chalcanthi</span> <span class='ocrx_word' id='word_1_111' title='bbox 2107 1478 2257 1550; x_wconf 87' lang='lat' dir='ltr'>part.</span> 
     </span>
     <span class='ocr_line' id='line_1_16' title="bbox 230 1554 2261 1639; baseline 0.001 -23"><span class='ocrx_word' id='word_1_112' title='bbox 230 1554 476 1636; x_wconf 88' lang='lat' dir='ltr'>XXIIII,</span> <span class='ocrx_word' id='word_1_113' title='bbox 528 1555 801 1634; x_wconf 61' lang='lat' dir='ltr'>galbani—</span> <span class='ocrx_word' id='word_1_114' title='bbox 819 1565 969 1636; x_wconf 85' lang='lat' dir='ltr'>part.</span> <span class='ocrx_word' id='word_1_115' title='bbox 1016 1555 1194 1639; x_wconf 87' lang='lat' dir='ltr'>XXV,</span> <span class='ocrx_word' id='word_1_116' title='bbox 1253 1557 1692 1637; x_wconf 81' lang='lat' dir='ltr'>chamaepityos</span> <span class='ocrx_word' id='word_1_117' title='bbox 1746 1565 1898 1637; x_wconf 88' lang='lat' dir='ltr'>part.</span> <span class='ocrx_word' id='word_1_118' title='bbox 1945 1557 2101 1637; x_wconf 88' lang='lat' dir='ltr'>VIII,</span> <span class='ocrx_word' id='word_1_119' title='bbox 2158 1560 2261 1619; x_wconf 89' lang='lat' dir='ltr'>tri-</span> 
     </span>
     <span class='ocr_line' id='line_1_17' title="bbox 148 1644 2261 1728; baseline 0.002 -26"><span class='ocrx_word' id='word_1_120' title='bbox 148 1660 199 1702; x_wconf 72' lang='lat'>15</span> <span class='ocrx_word' id='word_1_121' title='bbox 229 1644 355 1706; x_wconf 84' lang='lat' dir='ltr'>folii</span> <span class='ocrx_word' id='word_1_122' title='bbox 420 1654 569 1723; x_wconf 89' lang='lat' dir='ltr'>part.</span> <span class='ocrx_word' id='word_1_123' title='bbox 624 1644 759 1727; x_wconf 91' lang='lat' dir='ltr'>IIII,</span> <span class='ocrx_word' id='word_1_124' title='bbox 823 1645 1127 1724; x_wconf 79' lang='lat' dir='ltr'>pentafolii</span> <span class='ocrx_word' id='word_1_125' title='bbox 1181 1653 1332 1725; x_wconf 89' lang='lat' dir='ltr'>part.</span> <span class='ocrx_word' id='word_1_126' title='bbox 1389 1645 1525 1728; x_wconf 90' lang='lat'>1111,</span> <span class='ocrx_word' id='word_1_127' title='bbox 1587 1644 1959 1706; x_wconf 82' lang='lat' dir='ltr'>aristolociae</span> <span class='ocrx_word' id='word_1_128' title='bbox 2019 1663 2261 1725; x_wconf 88' lang='lat' dir='ltr'>grossae</span> 
     </span>
     <span class='ocr_line' id='line_1_18' title="bbox 226 1732 2258 1815; baseline 0 -21"><span class='ocrx_word' id='word_1_129' title='bbox 226 1741 379 1814; x_wconf 85' lang='lat' dir='ltr'>part.</span> <span class='ocrx_word' id='word_1_130' title='bbox 419 1732 658 1815; x_wconf 92' lang='lat' dir='ltr'>XXXV,</span> <span class='ocrx_word' id='word_1_131' title='bbox 722 1742 1076 1795; x_wconf 84' lang='lat' dir='ltr'>centaureae</span> <span class='ocrx_word' id='word_1_132' title='bbox 1141 1742 1244 1795; x_wconf 89' lang='lat' dir='ltr'>aut</span> <span class='ocrx_word' id='word_1_133' title='bbox 1304 1736 1614 1813; x_wconf 86' lang='lat' dir='ltr'>gentianae</span> <span class='ocrx_word' id='word_1_134' title='bbox 1670 1741 1821 1813; x_wconf 87' lang='lat' dir='ltr'>part.</span> <span class='ocrx_word' id='word_1_135' title='bbox 1861 1733 1996 1815; x_wconf 90' lang='lat' dir='ltr'>XII,</span> <span class='ocrx_word' id='word_1_136' title='bbox 2057 1733 2258 1795; x_wconf 89' lang='lat' dir='ltr'>lithar-</span> 
     </span>
     <span class='ocr_line' id='line_1_19' title="bbox 227 1821 2255 1903; baseline 0 -21"><span class='ocrx_word' id='word_1_137' title='bbox 227 1824 359 1902; x_wconf 75' lang='lat' dir='ltr'>gyri</span> <span class='ocrx_word' id='word_1_138' title='bbox 404 1830 554 1902; x_wconf 87' lang='lat' dir='ltr'>part.</span> <span class='ocrx_word' id='word_1_139' title='bbox 593 1821 714 1903; x_wconf 90' lang='lat' dir='ltr'>CL,</span> <span class='ocrx_word' id='word_1_140' title='bbox 761 1825 992 1884; x_wconf 84' lang='lat' dir='ltr'>resinae</span> <span class='ocrx_word' id='word_1_141' title='bbox 1039 1822 1367 1884; x_wconf 84' lang='lat' dir='ltr'>colofoniae</span> <span class='ocrx_word' id='word_1_142' title='bbox 1414 1831 1563 1902; x_wconf 87' lang='lat' dir='ltr'>part.</span> <span class='ocrx_word' id='word_1_143' title='bbox 1612 1822 1684 1903; x_wconf 90' lang='lat' dir='ltr'>L,</span> <span class='ocrx_word' id='word_1_144' title='bbox 1731 1839 1836 1902; x_wconf 89' lang='lat' dir='ltr'>ges</span> <span class='ocrx_word' id='word_1_145' title='bbox 1881 1821 2255 1901; x_wconf 87' lang='lat' dir='ltr'>ampelitidos</span> 
     </span>
     <span class='ocr_line' id='line_1_20' title="bbox 227 1910 2258 1992; baseline 0 -21"><span class='ocrx_word' id='word_1_146' title='bbox 227 1920 380 1991; x_wconf 88' lang='lat' dir='ltr'>part.</span> <span class='ocrx_word' id='word_1_147' title='bbox 427 1910 589 1992; x_wconf 89' lang='lat' dir='ltr'>XXI,</span> <span class='ocrx_word' id='word_1_148' title='bbox 644 1914 796 1990; x_wconf 83' lang='lat' dir='ltr'>picis</span> <span class='ocrx_word' id='word_1_149' title='bbox 841 1911 1107 1973; x_wconf 84' lang='lat' dir='ltr'>Bruttiae</span> <span class='ocrx_word' id='word_1_150' title='bbox 1154 1910 1248 1973; x_wconf 82' lang='lat' dir='ltr'>vel</span> <span class='ocrx_word' id='word_1_151' title='bbox 1294 1914 1516 1992; x_wconf 89' lang='lat' dir='ltr'>siccae,</span> <span class='ocrx_word' id='word_1_152' title='bbox 1572 1914 1624 1973; x_wconf 88' lang='lat' dir='ltr'>si</span> <span class='ocrx_word' id='word_1_153' title='bbox 1678 1928 1751 1991; x_wconf 91' lang='lat' dir='ltr'>ge</span> <span class='ocrx_word' id='word_1_154' title='bbox 1798 1910 2093 1990; x_wconf 88' lang='lat' dir='ltr'>ampelitis</span> <span class='ocrx_word' id='word_1_155' title='bbox 2139 1928 2258 1972; x_wconf 90' lang='lat' dir='ltr'>non</span> 
     </span>
     <span class='ocr_line' id='line_1_21' title="bbox 230 1999 2260 2082; baseline 0 -21"><span class='ocrx_word' id='word_1_156' title='bbox 230 2002 441 2082; x_wconf 86' lang='lat' dir='ltr'>fuerit,</span> <span class='ocrx_word' id='word_1_157' title='bbox 486 2008 654 2080; x_wconf 78' lang='lat' dir='ltr'>part.</span> <span class='ocrx_word' id='word_1_158' title='bbox 704 1999 836 2081; x_wconf 88' lang='lat' dir='ltr'>XII,</span> <span class='ocrx_word' id='word_1_159' title='bbox 900 1999 1130 2079; x_wconf 87' lang='lat' dir='ltr'>lepidos</span> <span class='ocrx_word' id='word_1_160' title='bbox 1186 2000 1425 2082; x_wconf 89' lang='lat' dir='ltr'>chalcu,</span> <span class='ocrx_word' id='word_1_161' title='bbox 1488 2001 1546 2062; x_wconf 90' lang='lat' dir='ltr'>id</span> <span class='ocrx_word' id='word_1_162' title='bbox 1604 2008 1697 2062; x_wconf 87' lang='lat' dir='ltr'>est</span> <span class='ocrx_word' id='word_1_163' title='bbox 1752 2017 2033 2080; x_wconf 78' lang='lat' dir='ltr'>squamae</span> <span class='ocrx_word' id='word_1_164' title='bbox 2097 1999 2260 2080; x_wconf 82' lang='lat' dir='ltr'>ferri,</span> 
     </span>
     <span class='ocr_line' id='line_1_22' title="bbox 148 2087 2260 2170; baseline 0.003 -26"><span class='ocrx_word' id='word_1_165' title='bbox 148 2104 205 2144; x_wconf 83' lang='lat' dir='ltr'>so</span> <span class='ocrx_word' id='word_1_166' title='bbox 229 2097 382 2169; x_wconf 85' lang='lat' dir='ltr'>part.</span> <span class='ocrx_word' id='word_1_167' title='bbox 421 2088 630 2169; x_wconf 88' lang='lat' dir='ltr'>XVIII,</span> <span class='ocrx_word' id='word_1_168' title='bbox 686 2089 991 2169; x_wconf 82' lang='lat' dir='ltr'>diphrygis</span> <span class='ocrx_word' id='word_1_169' title='bbox 1047 2098 1195 2168; x_wconf 91' lang='lat' dir='ltr'>part.</span> <span class='ocrx_word' id='word_1_170' title='bbox 1245 2089 1404 2170; x_wconf 87' lang='lat' dir='ltr'>VIII,</span> <span class='ocrx_word' id='word_1_171' title='bbox 1459 2089 1619 2150; x_wconf 82' lang='lat' dir='ltr'>aloes</span> <span class='ocrx_word' id='word_1_172' title='bbox 1674 2100 1824 2169; x_wconf 90' lang='lat' dir='ltr'>part.</span> <span class='ocrx_word' id='word_1_173' title='bbox 1865 2087 2020 2170; x_wconf 91' lang='lat' dir='ltr'>XVI,</span> <span class='ocrx_word' id='word_1_174' title='bbox 2078 2088 2260 2151; x_wconf 88' lang='lat' dir='ltr'>libani</span> 
     </span>
     <span class='ocr_line' id='line_1_23' title="bbox 229 2177 2259 2259; baseline -0 -19"><span class='ocrx_word' id='word_1_175' title='bbox 229 2177 635 2240; x_wconf 89' lang='lat' dir='ltr'>candidissimi</span> <span class='ocrx_word' id='word_1_176' title='bbox 680 2186 829 2258; x_wconf 89' lang='lat' dir='ltr'>part.</span> <span class='ocrx_word' id='word_1_177' title='bbox 869 2177 1008 2258; x_wconf 91' lang='lat' dir='ltr'>XII,</span> <span class='ocrx_word' id='word_1_178' title='bbox 1054 2181 1413 2257; x_wconf 84' lang='lat' dir='ltr'>opopanacis</span> <span class='ocrx_word' id='word_1_179' title='bbox 1458 2187 1608 2258; x_wconf 88' lang='lat' dir='ltr'>part.</span> <span class='ocrx_word' id='word_1_180' title='bbox 1657 2178 1786 2259; x_wconf 91' lang='lat' dir='ltr'>VII,</span> <span class='ocrx_word' id='word_1_181' title='bbox 1837 2177 2259 2258; x_wconf 78' lang='lat' dir='ltr'>chamaedryos</span> 
     </span>
     <span class='ocr_line' id='line_1_24' title="bbox 227 2265 2259 2348; baseline 0 -21"><span class='ocrx_word' id='word_1_182' title='bbox 227 2274 377 2347; x_wconf 87' lang='lat' dir='ltr'>part.</span> <span class='ocrx_word' id='word_1_183' title='bbox 429 2265 562 2347; x_wconf 88' lang='lat' dir='ltr'>XII,</span> <span class='ocrx_word' id='word_1_184' title='bbox 625 2266 912 2329; x_wconf 85' lang='lat' dir='ltr'>marrubii</span> <span class='ocrx_word' id='word_1_185' title='bbox 968 2275 1117 2345; x_wconf 87' lang='lat' dir='ltr'>part.</span> <span class='ocrx_word' id='word_1_186' title='bbox 1167 2266 1300 2342; x_wconf 92' lang='lat' dir='ltr'>XII,</span> <span class='ocrx_word' id='word_1_187' title='bbox 1364 2270 1698 2328; x_wconf 87' lang='lat' dir='ltr'>artemisiae</span> <span class='ocrx_word' id='word_1_188' title='bbox 1762 2275 1912 2347; x_wconf 90' lang='lat' dir='ltr'>part.</span> <span class='ocrx_word' id='word_1_189' title='bbox 1960 2266 2095 2348; x_wconf 87' lang='lat'>1111,</span> <span class='ocrx_word' id='word_1_190' title='bbox 2151 2269 2259 2328; x_wconf 88' lang='lat' dir='ltr'>iris</span> 
     </span>
     <span class='ocr_line' id='line_1_25' title="bbox 228 2354 2258 2438; baseline 0.001 -23"><span class='ocrx_word' id='word_1_191' title='bbox 228 2354 497 2436; x_wconf 80' lang='lat' dir='ltr'>Illyricae</span> <span class='ocrx_word' id='word_1_192' title='bbox 550 2365 701 2436; x_wconf 84' lang='lat' dir='ltr'>part.</span> <span class='ocrx_word' id='word_1_193' title='bbox 740 2355 866 2438; x_wconf 87' lang='lat' dir='ltr'>VII,</span> <span class='ocrx_word' id='word_1_194' title='bbox 920 2355 1277 2418; x_wconf 87' lang='lat' dir='ltr'>libanotidos</span> <span class='ocrx_word' id='word_1_195' title='bbox 1325 2364 1475 2435; x_wconf 90' lang='lat' dir='ltr'>part.</span> <span class='ocrx_word' id='word_1_196' title='bbox 1515 2355 1613 2437; x_wconf 92' lang='lat' dir='ltr'>VI,</span> <span class='ocrx_word' id='word_1_197' title='bbox 1668 2355 1787 2417; x_wconf 89' lang='lat' dir='ltr'>olei</span> <span class='ocrx_word' id='word_1_198' title='bbox 1839 2359 2059 2417; x_wconf 87' lang='lat' dir='ltr'>veteris</span> <span class='ocrx_word' id='word_1_199' title='bbox 2106 2363 2258 2434; x_wconf 79' lang='lat' dir='ltr'>part.</span> 
     </span>
     <span class='ocr_line' id='line_1_26' title="bbox 228 2443 2260 2526; baseline -0 -22"><span class='ocrx_word' id='word_1_200' title='bbox 228 2443 481 2526; x_wconf 88' lang='lat' dir='ltr'>XLVIII,</span> <span class='ocrx_word' id='word_1_201' title='bbox 517 2447 750 2505; x_wconf 89' lang='lat' dir='ltr'>resinae</span> <span class='ocrx_word' id='word_1_202' title='bbox 788 2447 1053 2524; x_wconf 89' lang='lat' dir='ltr'>pituinae</span> <span class='ocrx_word' id='word_1_203' title='bbox 1081 2453 1230 2524; x_wconf 87' lang='lat' dir='ltr'>part.</span> <span class='ocrx_word' id='word_1_204' title='bbox 1260 2444 1445 2526; x_wconf 92' lang='lat' dir='ltr'>XXII,</span> <span class='ocrx_word' id='word_1_205' title='bbox 1479 2445 1688 2507; x_wconf 88' lang='lat' dir='ltr'>chalcu</span> <span class='ocrx_word' id='word_1_206' title='bbox 1717 2463 2081 2506; x_wconf 88' lang='lat' dir='ltr'>cecaumenu</span> <span class='ocrx_word' id='word_1_207' title='bbox 2109 2452 2260 2523; x_wconf 92' lang='lat' dir='ltr'>part.</span> 
     </span>
     <span class='ocr_line' id='line_1_27' title="bbox 151 2531 2260 2616; baseline 0 -25"><span class='ocrx_word' id='word_1_208' title='bbox 151 2549 202 2591; x_wconf 77' lang='lat'>25</span> <span class='ocrx_word' id='word_1_209' title='bbox 231 2532 436 2616; x_wconf 89' lang='lat' dir='ltr'>XVIII,</span> <span class='ocrx_word' id='word_1_210' title='bbox 473 2534 643 2595; x_wconf 74' lang='lat' dir='ltr'>miitu</span> <span class='ocrx_word' id='word_1_211' title='bbox 681 2542 830 2612; x_wconf 91' lang='lat' dir='ltr'>part.</span> <span class='ocrx_word' id='word_1_212' title='bbox 860 2532 987 2614; x_wconf 89' lang='lat' dir='ltr'>XII,</span> <span class='ocrx_word' id='word_1_213' title='bbox 1025 2533 1371 2595; x_wconf 89' lang='lat' dir='ltr'>chalcitidos</span> <span class='ocrx_word' id='word_1_214' title='bbox 1413 2541 1562 2613; x_wconf 86' lang='lat' dir='ltr'>part.</span> <span class='ocrx_word' id='word_1_215' title='bbox 1591 2533 1662 2615; x_wconf 91' lang='lat' dir='ltr'>X,</span> <span class='ocrx_word' id='word_1_216' title='bbox 1701 2551 1931 2614; x_wconf 77' lang='lat' dir='ltr'>myrrae</span> <span class='ocrx_word' id='word_1_217' title='bbox 1962 2541 2111 2612; x_wconf 88' lang='lat' dir='ltr'>part.</span> <span class='ocrx_word' id='word_1_218' title='bbox 2142 2531 2260 2613; x_wconf 93' lang='lat' dir='ltr'>VII,</span> 
     </span>
     <span class='ocr_line' id='line_1_28' title="bbox 231 2617 2260 2704; baseline -0 -21"><span class='ocrx_word' id='word_1_219' title='bbox 231 2625 311 2703; x_wconf 91' lang='lat' dir='ltr'>iu,</span> <span class='ocrx_word' id='word_1_220' title='bbox 348 2623 411 2682; x_wconf 90' lang='lat' dir='ltr'>id</span> <span class='ocrx_word' id='word_1_221' title='bbox 450 2629 541 2682; x_wconf 88' lang='lat' dir='ltr'>est</span> <span class='ocrx_word' id='word_1_222' title='bbox 568 2624 888 2703; x_wconf 85' lang='lat' dir='ltr'>aeruginis,</span> <span class='ocrx_word' id='word_1_223' title='bbox 927 2631 1075 2701; x_wconf 88' lang='lat' dir='ltr'>part.</span> <span class='ocrx_word' id='word_1_224' title='bbox 1106 2622 1149 2683; x_wconf 91' lang='grc' dir='ltr'>Ι.</span> <span class='ocrx_word' id='word_1_225' title='bbox 1218 2617 1428 2684; x_wconf 87' lang='lat' dir='ltr'>Oleum</span> <span class='ocrx_word' id='word_1_226' title='bbox 1467 2630 1657 2704; x_wconf 76' lang='lat' dir='ltr'>vetuS,</span> <span class='ocrx_word' id='word_1_227' title='bbox 1696 2630 1983 2701; x_wconf 90' lang='lat' dir='ltr'>quantum</span> <span class='ocrx_word' id='word_1_228' title='bbox 2021 2624 2260 2682; x_wconf 89' lang='lat' dir='ltr'>mitten·</span> 
     </span>
     <span class='ocr_line' id='line_1_29' title="bbox 231 2711 2261 2791; baseline -0 -20"><span class='ocrx_word' id='word_1_229' title='bbox 231 2712 373 2772; x_wconf 90' lang='lat' dir='ltr'>dum</span> <span class='ocrx_word' id='word_1_230' title='bbox 420 2711 604 2772; x_wconf 89' lang='lat' dir='ltr'>fuerit</span> <span class='ocrx_word' id='word_1_231' title='bbox 649 2730 757 2791; x_wconf 90' lang='lat' dir='ltr'>pro</span> <span class='ocrx_word' id='word_1_232' title='bbox 804 2711 980 2771; x_wconf 90' lang='lat' dir='ltr'>modo</span> <span class='ocrx_word' id='word_1_233' title='bbox 1028 2714 1364 2790; x_wconf 87' lang='lat' dir='ltr'>specierum</span> <span class='ocrx_word' id='word_1_234' title='bbox 1409 2730 1590 2791; x_wconf 91' lang='lat' dir='ltr'>supra</span> <span class='ocrx_word' id='word_1_235' title='bbox 1636 2712 2012 2791; x_wconf 88' lang='lat' dir='ltr'>scriptarum,</span> <span class='ocrx_word' id='word_1_236' title='bbox 2059 2711 2261 2790; x_wconf 57' lang='lat' dir='ltr'>mitoes</span> 
     </span>
     <span class='ocr_line' id='line_1_30' title="bbox 228 2798 2260 2878; baseline -0.001 -17"><span class='ocrx_word' id='word_1_237' title='bbox 228 2802 290 2861; x_wconf 92' lang='lat' dir='ltr'>in</span> <span class='ocrx_word' id='word_1_238' title='bbox 338 2799 515 2861; x_wconf 87' lang='lat' dir='ltr'>ollam</span> <span class='ocrx_word' id='word_1_239' title='bbox 563 2819 772 2861; x_wconf 89' lang='lat' dir='ltr'>novam</span> <span class='ocrx_word' id='word_1_240' title='bbox 821 2809 879 2861; x_wconf 87' lang='lat' dir='ltr'>et</span> <span class='ocrx_word' id='word_1_241' title='bbox 927 2799 1236 2860; x_wconf 85' lang='lat' dir='ltr'>calefacies</span> <span class='ocrx_word' id='word_1_242' title='bbox 1282 2800 1403 2861; x_wconf 89' lang='lat' dir='ltr'>leni</span> <span class='ocrx_word' id='word_1_243' title='bbox 1446 2799 1681 2860; x_wconf 89' lang='lat' dir='ltr'>flamma</span> <span class='ocrx_word' id='word_1_244' title='bbox 1730 2798 1820 2860; x_wconf 89' lang='lat' dir='ltr'>vel</span> <span class='ocrx_word' id='word_1_245' title='bbox 1857 2802 2057 2878; x_wconf 90' lang='lat' dir='ltr'>potius</span> <span class='ocrx_word' id='word_1_246' title='bbox 2106 2801 2260 2877; x_wconf 91' lang='lat' dir='ltr'>igne,</span> 
     </span>
     <span class='ocr_line' id='line_1_31' title="bbox 229 2887 2261 2969; baseline -0.002 -19"><span class='ocrx_word' id='word_1_247' title='bbox 229 2897 375 2950; x_wconf 87' lang='lat' dir='ltr'>tunc</span> <span class='ocrx_word' id='word_1_248' title='bbox 413 2891 636 2969; x_wconf 88' lang='lat' dir='ltr'>mittes,</span> <span class='ocrx_word' id='word_1_249' title='bbox 675 2888 775 2949; x_wconf 88' lang='lat' dir='ltr'>sed</span> <span class='ocrx_word' id='word_1_250' title='bbox 818 2887 1097 2967; x_wconf 86' lang='lat' dir='ltr'>paulatim</span> <span class='ocrx_word' id='word_1_251' title='bbox 1136 2888 1210 2948; x_wconf 89' lang='lat' dir='ltr'>de</span> <span class='ocrx_word' id='word_1_252' title='bbox 1247 2907 1429 2950; x_wconf 86' lang='lat' dir='ltr'>manu</span> <span class='ocrx_word' id='word_1_253' title='bbox 1465 2891 1834 2968; x_wconf 72' lang='lat' dir='ltr'>inspergenS,</span> <span class='ocrx_word' id='word_1_254' title='bbox 1871 2887 2261 2966; x_wconf 82' lang='lat' dir='ltr'>lithargyrum</span> 
     </span>
     <span class='ocr_line' id='line_1_32' title="bbox 151 2974 2259 3061; baseline 0 -27"><span class='ocrx_word' id='word_1_255' title='bbox 151 2992 204 3034; x_wconf 77' lang='lat' dir='ltr'>so</span> <span class='ocrx_word' id='word_1_256' title='bbox 230 2977 384 3039; x_wconf 86' lang='lat' dir='ltr'>bene</span> <span class='ocrx_word' id='word_1_257' title='bbox 415 2980 628 3039; x_wconf 87' lang='lat' dir='ltr'>tritum</span> <span class='ocrx_word' id='word_1_258' title='bbox 662 2985 723 3037; x_wconf 90' lang='lat' dir='ltr'>et</span> <span class='ocrx_word' id='word_1_259' title='bbox 750 2977 994 3038; x_wconf 89' lang='lat' dir='ltr'>adsidue</span> <span class='ocrx_word' id='word_1_260' title='bbox 1026 2976 1393 3061; x_wconf 82' lang='lat' dir='ltr'>spathomela</span> <span class='ocrx_word' id='word_1_261' title='bbox 1423 2977 1689 3058; x_wconf 80' lang='lat' dir='ltr'>agitabis,</span> <span class='ocrx_word' id='word_1_262' title='bbox 1720 2995 2033 3056; x_wconf 87' lang='lat' dir='ltr'>quousque</span> <span class='ocrx_word' id='word_1_263' title='bbox 2063 2974 2259 3036; x_wconf 89' lang='lat' dir='ltr'>oleum</span> 
     </span>
     <span class='ocr_line' id='line_1_33' title="bbox 225 3064 2260 3148; baseline -0.001 -21"><span class='ocrx_word' id='word_1_264' title='bbox 225 3067 375 3127; x_wconf 87' lang='lat' dir='ltr'>illud</span> <span class='ocrx_word' id='word_1_265' title='bbox 423 3068 505 3127; x_wconf 90' lang='lat' dir='ltr'>ita</span> <span class='ocrx_word' id='word_1_266' title='bbox 552 3067 868 3148; x_wconf 87' lang='lat' dir='ltr'>inficiatur,</span> <span class='ocrx_word' id='word_1_267' title='bbox 914 3074 984 3127; x_wconf 92' lang='lat' dir='ltr'>ut</span> <span class='ocrx_word' id='word_1_268' title='bbox 1025 3066 1286 3127; x_wconf 84' lang='lat' dir='ltr'>colorem</span> <span class='ocrx_word' id='word_1_269' title='bbox 1324 3065 1635 3146; x_wconf 78' lang='lat' dir='ltr'>lithargyri</span> <span class='ocrx_word' id='word_1_270' title='bbox 1670 3065 1865 3127; x_wconf 89' lang='lat' dir='ltr'>trahat</span> <span class='ocrx_word' id='word_1_271' title='bbox 1903 3074 1964 3126; x_wconf 88' lang='lat' dir='ltr'>et</span> <span class='ocrx_word' id='word_1_272' title='bbox 2001 3064 2260 3144; x_wconf 89' lang='lat' dir='ltr'>aliquan-</span> 
     </span>
     <span class='ocr_line' id='line_1_34' title="bbox 227 3154 2260 3234; baseline -0.001 -18"><span class='ocrx_word' id='word_1_273' title='bbox 227 3155 422 3217; x_wconf 89' lang='lat' dir='ltr'>tulum</span> <span class='ocrx_word' id='word_1_274' title='bbox 472 3158 811 3234; x_wconf 85' lang='lat' dir='ltr'>spissescat‚</span> <span class='ocrx_word' id='word_1_275' title='bbox 858 3166 1064 3234; x_wconf 88' lang='lat' dir='ltr'>postea</span> <span class='ocrx_word' id='word_1_276' title='bbox 1101 3164 1203 3215; x_wconf 88' lang='lat' dir='ltr'>aut</span> <span class='ocrx_word' id='word_1_277' title='bbox 1240 3158 1434 3234; x_wconf 91' lang='lat' dir='ltr'>picem</span> <span class='ocrx_word' id='word_1_278' title='bbox 1471 3154 1761 3216; x_wconf 86' lang='lat' dir='ltr'>Bruttiam</span> <span class='ocrx_word' id='word_1_279' title='bbox 1800 3157 2003 3216; x_wconf 87' lang='lat' dir='ltr'>tritam</span> <span class='ocrx_word' id='word_1_280' title='bbox 2041 3155 2260 3233; x_wconf 82' lang='lat' dir='ltr'>mittes,</span> 
     </span>
    </p>
   </div>
   <div class='ocr_carea' id='block_1_4' title="bbox 373 3325 2261 3395">
    <p class='ocr_par' dir='ltr' id='par_1_4' title="bbox 373 3325 2261 3395">
     <span class='ocr_line' id='line_1_35' title="bbox 373 3325 2261 3395; baseline -0.003 -14"><span class='ocrx_word' id='word_1_281' title='bbox 373 3332 407 3381; x_wconf 84' lang='lat'>9</span> <span class='ocrx_word' id='word_1_282' title='bbox 447 3326 784 3382; x_wconf 79' lang='lat' dir='ltr'>chamemili.</span> <span class='ocrx_word' id='word_1_283' title='bbox 949 3331 1016 3380; x_wconf 81' lang='lat'>10</span> <span class='ocrx_word' id='word_1_284' title='bbox 1055 3329 1274 3395; x_wconf 80' lang='lat' dir='ltr'>sfagnu.</span> <span class='ocrx_word' id='word_1_285' title='bbox 1442 3329 1504 3379; x_wconf 89' lang='lat'>11</span> <span class='ocrx_word' id='word_1_286' title='bbox 1546 3325 1703 3380; x_wconf 84' lang='lat' dir='ltr'>rufae</span> <span class='ocrx_word' id='word_1_287' title='bbox 1741 3342 1843 3381; x_wconf 86' lang='lat' dir='ltr'>om.</span> <span class='ocrx_word' id='word_1_288' title='bbox 2012 3330 2076 3377; x_wconf 85' lang='lat'>12</span> <span class='ocrx_word' id='word_1_289' title='bbox 2114 3327 2261 3377; x_wconf 80' lang='lat' dir='ltr'>tere·</span> 
     </span>
    </p>
   </div>
   <div class='ocr_carea' id='block_1_5' title="bbox 225 3394 2261 3610">
    <p class='ocr_par' dir='ltr' id='par_1_5' title="bbox 225 3394 2261 3610">
     <span class='ocr_line' id='line_1_36' title="bbox 229 3394 2261 3467; baseline -0.003 -15"><span class='ocrx_word' id='word_1_290' title='bbox 229 3397 517 3452; x_wconf 75' lang='lat' dir='ltr'>bentinae.</span> <span class='ocrx_word' id='word_1_291' title='bbox 664 3397 968 3452; x_wconf 84' lang='lat' dir='ltr'>ammunici</span> <span class='ocrx_word' id='word_1_292' title='bbox 1005 3399 1183 3467; x_wconf 80' lang='lat' dir='ltr'>gutta.</span> <span class='ocrx_word' id='word_1_293' title='bbox 1337 3403 1397 3450; x_wconf 86' lang='lat'>13</span> <span class='ocrx_word' id='word_1_294' title='bbox 1435 3395 1724 3465; x_wconf 80' lang='lat' dir='ltr'>psimithii.</span> <span class='ocrx_word' id='word_1_295' title='bbox 1849 3400 1913 3450; x_wconf 87' lang='lat'>18</span> <span class='ocrx_word' id='word_1_296' title='bbox 1953 3394 2122 3448; x_wconf 82' lang='lat' dir='ltr'>durae</span> <span class='ocrx_word' id='word_1_297' title='bbox 2152 3408 2261 3461; x_wconf 78' lang='lat' dir='ltr'>pro</span> 
     </span>
     <span class='ocr_line' id='line_1_37' title="bbox 225 3463 2259 3539; baseline -0.002 -17"><span class='ocrx_word' id='word_1_298' title='bbox 225 3467 503 3524; x_wconf 76' lang='lat' dir='ltr'>Bruttiae.</span> <span class='ocrx_word' id='word_1_299' title='bbox 661 3486 776 3539; x_wconf 87' lang='lat' dir='ltr'>ges.</span> <span class='ocrx_word' id='word_1_300' title='bbox 927 3474 991 3523; x_wconf 83' lang='lat'>19</span> <span class='ocrx_word' id='word_1_301' title='bbox 1032 3482 1282 3537; x_wconf 79' lang='lat' dir='ltr'>squama..</span> <span class='ocrx_word' id='word_1_302' title='bbox 1440 3473 1509 3521; x_wconf 86' lang='lat'>20</span> <span class='ocrx_word' id='word_1_303' title='bbox 1548 3467 1806 3536; x_wconf 72' lang='lat' dir='ltr'>difrygeS.</span> <span class='ocrx_word' id='word_1_304' title='bbox 1972 3463 2259 3519; x_wconf 83' lang='lat' dir='ltr'>marruvii.</span> 
     </span>
     <span class='ocr_line' id='line_1_38' title="bbox 228 3533 2261 3610; baseline -0.003 -15"><span class='ocrx_word' id='word_1_305' title='bbox 228 3546 297 3595; x_wconf 83' lang='lat'>30</span> <span class='ocrx_word' id='word_1_306' title='bbox 356 3538 673 3610; x_wconf 76' lang='lat' dir='ltr'>spat-emeli.</span> <span class='ocrx_word' id='word_1_307' title='bbox 855 3544 922 3593; x_wconf 87' lang='grc'>31</span> <span class='ocrx_word' id='word_1_308' title='bbox 977 3539 1036 3592; x_wconf 84' lang='lat' dir='ltr'>iu</span> <span class='ocrx_word' id='word_1_309' title='bbox 1081 3539 1208 3595; x_wconf 79' lang='lat' dir='ltr'>add.</span> <span class='ocrx_word' id='word_1_310' title='bbox 1264 3542 1392 3593; x_wconf 76' lang='lat' dir='ltr'>ante</span> <span class='ocrx_word' id='word_1_311' title='bbox 1437 3537 1866 3606; x_wconf 75' lang='lat' dir='ltr'>aliquantulum.</span> <span class='ocrx_word' id='word_1_312' title='bbox 2048 3539 2115 3588; x_wconf 82' lang='lat'>32</span> <span class='ocrx_word' id='word_1_313' title='bbox 2162 3533 2261 3589; x_wconf 75' lang='lat' dir='ltr'>tri·</span> 
     </span>
    </p>
   </div>
   <div class='ocr_carea' id='block_1_6' title="bbox 225 3613 516 3666">
    <p class='ocr_par' dir='ltr' id='par_1_6' title="bbox 225 3613 516 3666">
     <span class='ocr_line' id='line_1_39' title="bbox 225 3613 516 3666; baseline -0.007 0"><span class='ocrx_word' id='word_1_314' title='bbox 225 3613 349 3666; x_wconf 74' lang='lat' dir='ltr'>tam</span> <span class='ocrx_word' id='word_1_315' title='bbox 377 3628 516 3666; x_wconf 86' lang='lat' dir='ltr'>om.-</span> 
     </span>
    </p>
   </div>
   <div class='ocr_carea' id='block_1_7' title="bbox 2304 947 2368 998">
    <p class='ocr_par' dir='ltr' id='par_1_7' title="bbox 2304 947 2368 998">
     <span class='ocr_line' id='line_1_40' title="bbox 2304 947 2368 998; baseline 0.016 -1"><span class='ocrx_word' id='word_1_316' title='bbox 2304 947 2368 998; x_wconf 87' lang='lat'>18</span> 
     </span>
    </p>
   </div>
   <div class='ocr_carea' id='block_1_8' title="bbox 2301 2631 2366 2681">
    <p class='ocr_par' dir='ltr' id='par_1_8' title="bbox 2301 2631 2366 2681">
     <span class='ocr_line' id='line_1_41' title="bbox 2301 2631 2366 2681; baseline 0.015 -1"><span class='ocrx_word' id='word_1_317' title='bbox 2301 2631 2366 2681; x_wconf 83' lang='lat'>19</span> 
     </span>
    </p>
   </div>
  </div>
 </body>
</html>
