2575 4092
246 784 312 834 51

245 1226 314 1276 52

244 1582 313 1631 53

242 1758 315 1809 54

243 1935 312 1985 55

242 2113 311 2163 56

242 2289 310 2339 57

241 2469 309 2518 58

240 2822 309 2872 59

236 3180 308 3228 60

1120 290 1196 300 -
1295 254 1603 318 346—

353 420 521 499 porri
576 417 813 478 sectiles
867 416 960 478 vel
1015 418 1281 497 capitati,
1347 419 1632 497 ocimum,
1690 415 2046 495 feniculum,
2105 417 2386 496 satureia,

353 508 672 587 pastinaca,
710 505 943 587 cardui3
980 505 1090 566 hae
1128 508 1257 566 esui
1297 505 1465 566 datae
1504 507 1680 566 etiam
1715 522 1909 565 mares
1938 507 2104 565 nasci
2136 505 2383 566 faciunt.

351 595 429 657 At
465 613 607 656 vero
646 597 978 655 contrariae
1016 602 1157 656 sunt
1194 593 1479 673 puleium,
1526 596 1740 674 apium,
1779 602 1931 674 ruta,
1973 594 2381 674 coriandrum,

354 692 571 765 menta,
616 684 863 757 lactuca,
910 685 1302 763 nasturcium,
1322 681 1648 743 anethum.

528 772 616 833 Ad
665 774 989 833 ramicosos
1035 780 1095 833 et
1141 771 1362 876 quibus
1400 778 1632 832 veretra
1679 779 1738 832 et
1779 770 2044 832 testiculi
2092 769 2383 832 dolebunt
2407 789 2430 830 ι

354 860 672 922 medullam
708 863 877 940 panis
915 862 1133 922 siccam
1171 863 1232 921 in
1272 860 1557 920 mortario
1596 866 1889 940 contereS,
1927 859 2144 920 deinde
2186 858 2383 920 oleum

352 951 415 1010 in
463 952 819 1029 sartaginem
866 951 1067 1011 mittes
1123 957 1184 1010 et
1230 951 1318 1009 sic
1366 947 1684 1009 medullam
1728 950 1898 1027 panis
1944 949 2146 1009 tritam
2201 965 2385 1026 super

353 1037 549 1100 oleum
587 1041 788 1100 mittes
826 1045 885 1099 et
918 1037 1223 1116 paululum
1252 1038 1436 1117 friges
1464 1036 1841 1117 calidumque
1871 1055 2051 1116 super
2078 1038 2383 1116 pectinem

354 1126 608 1189 dolentis
654 1127 933 1206 adponeS,
978 1128 1129 1187 mire
1177 1126 1511 1187 subvenies.

530 1214 749 1275 Fabam
786 1215 1004 1275 fresam
1042 1216 1105 1274 in
1141 1214 1395 1275 mulsam
1431 1232 1644 1294 aquam
1683 1214 1931 1275 infunde
1968 1221 2028 1274 et
2057 1232 2200 1274 cum
2228 1213 2379 1274 bene
2407 1233 2454 1273 1⁰

352 1303 786 1383 permaduerit‚
841 1311 1085 1364 contere
1133 1320 1201 1363 ac
1248 1302 1393 1364 dum
1440 1314 1599 1365 teres
1645 1305 1780 1363 vino
1828 1320 2077 1382 asperge
2125 1312 2190 1363 et
2235 1311 2379 1363 tam-

352 1409 529 1472 quam
575 1390 860 1470 malagma
908 1391 1163 1453 calidum
1210 1392 1488 1453 verendis
1535 1392 1825 1473 adponeS,
1881 1394 2080 1452 statim
2129 1391 2376 1452 dolenti-

352 1480 465 1542 bus
511 1499 578 1541 ac
626 1480 996 1542 tumentibus
1041 1480 1337 1542 testiculis
1383 1479 1718 1541 medebere.

530 1568 786 1631 Verendi
833 1569 1018 1632 virilis
1064 1568 1307 1631 clavulis
1355 1577 1415 1630 et
1462 1568 1766 1631 ulceribus
1803 1568 1930 1629 aloe
1969 1570 2109 1630 trita
2147 1568 2377 1630 utiliter

351 1660 677 1739 inponitur,
724 1676 860 1719 cum
907 1661 1075 1737 prius
1120 1660 1258 1718 vino
1306 1657 1463 1719 eluta
1510 1659 1735 1719 fuerint
1780 1659 1921 1718 vitia
1967 1659 2209 1718 veretri.
2402 1675 2450 1716 15

528 1746 932 1827 Emplastrum
968 1747 1173 1827 viride,
1220 1746 1379 1825 quod
1417 1746 1633 1808 medici
1670 1746 1916 1807 chloran
1952 1745 2269 1827 appellant,
2306 1764 2374 1807 ex

351 1853 597 1897 rosaceo
653 1838 970 1897 remissum
1017 1837 1080 1896 in
1126 1835 1370 1897 linteolo
1417 1838 1586 1897 tenui
1630 1834 1866 1896 inlitum
1914 1836 2168 1895 veretris
2218 1834 2375 1895 exul·

351 1926 567 1986 ceratis
623 1924 852 1985 utiliter
907 1926 1232 2003 inponitur.
1320 1924 1537 1985 Sevum
1585 1924 1832 2004 pecudis
1878 1943 1911 1984 a
1956 1923 2206 1985 renibus
2252 1922 2372 1984 vul·

350 2032 484 2075 sum
530 2014 790 2075 admixto
836 2015 1093 2092 pumicis
1140 2015 1343 2074 cinere
1391 2021 1451 2074 et
1498 2013 1617 2074 sale
1665 2014 1998 2075 rectissime
2035 2011 2372 2073 dolentibus

351 2110 412 2163 et
475 2102 847 2164 tumentibus
901 2104 1156 2163 veretris
1209 2104 1536 2181 inponitur.
1627 2101 2031 2163 Arietinorum
2086 2100 2370 2163 vellerum
2397 2118 2446 2159 so

350 2192 501 2251 cinis
557 2209 694 2251 cum
750 2194 904 2269 aqua
958 2193 1180 2251 mixtus
1238 2198 1300 2251 et
1355 2190 1659 2269 adpositus
1713 2189 2107 2251 incommodis
2151 2191 2374 2251 veretri

349 2287 656 2358 repugnat.
716 2277 981 2357 Ungulae
1020 2278 1278 2340 mulinae
1318 2288 1561 2340 exustae
1600 2281 1750 2340 cinis
1788 2278 2107 2339 salubriter
2144 2281 2372 2359 insper-

347 2369 509 2446 gitur
552 2369 711 2427 vitiis
759 2373 1148 2429 veretrorum.

527 2453 933 2516 Carbunculos
979 2456 1053 2517 de
1089 2459 1343 2517 veretris
1381 2457 1736 2516 exterminat
1770 2456 2063 2517 muricum
2103 2454 2194 2516 vel
2235 2474 2371 2535 pur·

346 2562 633 2623 purarum
671 2546 734 2604 in
772 2544 1130 2607 carbonibus
1158 2553 1428 2606 ustarum
1460 2546 1610 2605 cinis
1639 2563 1776 2605 cum
1805 2543 1977 2605 melle
2008 2546 2369 2626 permixtus;
2394 2563 2440 2603 25

347 2632 504 2693 idem
559 2641 865 2713 praestant
919 2633 1207 2712 singulari
1263 2633 1525 2694 efficacia
1583 2632 1934 2694 salsamenta
1989 2633 2255 2694 discocta
2315 2642 2373 2695 et

347 2740 485 2783 cum
530 2721 703 2783 melle
749 2724 1041 2802 permixta
1086 2724 1347 2801 tritaque
1394 2721 1678 2801 adposita.

525 2811 826 2872 Permixto
873 2810 1130 2872 alumine
1178 2820 1238 2871 et
1284 2828 1481 2891 myrra
1528 2810 1604 2871 fel
1648 2810 1938 2871 bubulum
1978 2810 2048 2871 ad
2089 2814 2371 2873 crassitu-

346 2900 544 2961 dinem
593 2899 783 2961 mellis
832 2898 1145 2960 subactum
1192 2908 1252 2960 et
1297 2898 1532 2960 inlitum
1581 2917 1675 2981 ea,
1730 2917 1881 2978 quae
1937 2902 2193 2960 veretris
2252 2918 2370 2961 ser-

345 2995 512 3068 punt,
548 2990 698 3049 mira
736 2987 1039 3049 celeritate
1076 2995 1382 3069 persanat3
1421 3006 1601 3067 supra
1639 2990 1818 3049 etiam
1855 2986 1991 3048 beta
2028 2990 2166 3048 vino
2205 2997 2368 3050 cocta
2393 3006 2441 3046 so

345 3084 508 3137 recte
554 3078 878 3156 inponitur.

524 3164 772 3247 CocleiS,
819 3184 968 3245 quae
1008 3166 1201 3227 nudae
1239 3167 1646 3239 inveniuntur,
1685 3165 1941 3226 adicitur
1978 3164 2203 3245 aliquid
2244 3167 2370 3226 triti

345 3257 499 3315 turis
554 3262 613 3315 et
667 3254 787 3315 albi
841 3273 1087 3316 ovorum
1145 3262 1323 3334 atque
1380 3253 1519 3314 inde
1565 3252 1766 3314 ulcera
1813 3252 2233 3314 testiculorum
2282 3265 2368 3316 tu·

344 3345 564 3404 mentia
603 3352 663 3405 et
699 3343 1051 3424 hydrocelae
1090 3361 1415 3422 puerorum
1453 3345 1576 3403 sive
1613 3343 1866 3403 ramices
1894 3340 2367 3423 superlinuntur,

525 3484 555 3532 1
592 3477 951 3534 faeniculum.
1134 3485 1165 3532 2
1205 3479 1520 3548 pastinaga..
1692 3478 1856 3532 essui.
2031 3482 2062 3531 3
2100 3478 2365 3547 poleium.

346 3554 413 3602 14
454 3548 705 3604 verende.
870 3555 936 3604 22
976 3549 1242 3604 murinae.
1406 3555 1476 3603 24
1512 3564 1896 3619 purporarum.
2073 3553 2145 3603 28
2182 3550 2366 3605 mirra.

343 3618 574 3672 bubulo.
719 3625 786 3673 31
825 3619 1138 3689 inponetur.
1286 3625 1356 3674 34
1392 3620 1680 3676 idroceles.
