2575 4092
1092 280 1164 288 —
1269 198 1573 308 170—

1144 424 1303 486 CAP.
1352 423 1523 485 XVII.

315 536 423 591 Ad
460 535 869 606 suspiriosos
907 537 1021 592 vel
1055 538 1145 593 ad
1184 535 1591 606 dyspnoicos
1620 538 1689 591 et·
1716 537 1806 591 ad
1835 550 2075 592 omnes
2106 548 2352 592 causas

316 624 741 691 art-edorum,
789 626 873 680 de
920 625 1172 695 quibus
1215 624 1434 696 ruptis
1478 624 1754 694 sanguis
1801 627 2093 692 emanat,
2142 627 2213 680 et
2258 626 2352 681 ad

316 714 616 770 vomitus
669 714 1170 783 restringendos
1233 717 1304 770 et
1357 715 1827 783 provocandos
1893 716 1962 769 et·
1990 715 2105 780 ‚ad
2161 714 2350 770 sitim

316 804 682 859 arcendam
711 806 780 858 et
807 803 895 859 ad
921 803 1261 873 singultus
1286 802 1692 859 inhibendos
1726 805 1795 857 et
1821 803 1908 858 ad
1935 803 2350 858 reumaticos

317 894 386 947 et·
439 893 528 947 ad
572 892 809 948 vulsos
852 893 1152 949 remedia
1187 891 1614 949 rationabilia
1651 894 1722 947 et
1756 891 2039 962 physica
2077 891 2349 947 diversa

1011 983 1097 1037 de
1145 979 1648 1051 experimentis.
2315 973 2320 977 ’

493 1116 582 1177 Ad
622 1119 945 1196 suspirium
983 1117 1125 1178 facit
1171 1116 1326 1178 bene
1373 1124 1624 1197 acetum,
1665 1116 1823 1195 quod
1861 1115 2201 1177 scilliticum
2252 1135 2349 1176 vo·

316 1211 471 1285 cant,
517 1205 795 1265 cocliario
834 1212 929 1265 ter
966 1214 1248 1285 quaterve
1296 1214 1601 1285 sumptum
1638 1205 1710 1266 ad
1749 1205 1923 1265 diem.
1997 1204 2251 1265 Prodest
2288 1213 2350 1265 et

317 1293 482 1355 scilla
529 1293 732 1373 argilla
779 1294 1146 1357 circumdata
1194 1302 1254 1356 et
1292 1295 1469 1355 furno
1507 1302 1675 1356 cocta
1721 1295 1989 1372 purgatis
2037 1295 2347 1355 exteriori-

315 1382 429 1444 bus
474 1383 882 1461 putaminibus
929 1391 991 1444 et
1035 1383 1194 1462 quod
1242 1386 1372 1444 eius
1419 1385 1811 1444 tenerrimum
1858 1390 1952 1443 est
1998 1384 2208 1443 tritum
2246 1382 2346 1443 ad—

313 1473 487 1533 iectis
533 1471 723 1532 mellis
752 1472 933 1532 Attici
971 1472 1202 1533 duabus
1238 1473 1512 1551 partibus
1550 1480 1611 1533 et
1648 1473 1799 1532 aceti
1836 1470 1979 1531 boni
2017 1489 2133 1532 una
2170 1479 2341 1549 parte
2371 1489 2397 1530 5

315 1569 492 1640 atque
531 1563 610 1622 ita
649 1561 893 1622 decocta
930 1569 990 1622 et
1027 1579 1135 1640 per
1172 1560 1413 1640 ligulam
1442 1579 1622 1621 unam
1652 1560 1835 1621 semel
1865 1562 1926 1620 in
1957 1560 2051 1620 die
2092 1567 2344 1638 sumpta.

494 1648 732 1710 Profuit·
771 1649 974 1732 multis
1021 1650 1092 1710 ad
1139 1653 1466 1730 suspirium
1517 1650 1610 1710 vel
1649 1650 2007 1729 dyspnoeam
2047 1649 2347 1727 depellen-

315 1737 451 1798 dam
505 1739 709 1816 pulmo
768 1738 959 1818 vulpis
1005 1739 1098 1800 vel
1146 1742 1315 1800 iecur
1360 1741 1422 1799 in
1469 1737 1583 1799 olla
1629 1738 1798 1799 fictili
1843 1745 2118 1799 exustum
2167 1748 2346 1817 atque

315 1827 388 1887 ad
445 1830 709 1887 cinerem
765 1828 1070 1889 redactum
1128 1838 1188 1889 et
1243 1828 1448 1888 datum
1495 1828 1565 1887 ad
1614 1826 1772 1888 diem
1818 1829 2018 1888 ieiuno
2064 1844 2347 1888 mensura

312 1914 730 1976 cocliariorum
777 1918 959 1977 trium
1008 1935 1142 1978 cum
1192 1935 1379 1996 aquae
1422 1914 1650 1996 cyathis
1698 1916 1910 1997 trihuS‚
1958 1918 2010 1976 si
2047 1915 2345 1977 febricita·
2374 1934 2427 1974 ιο

314 2004 428 2065 hit:
467 2006 518 2065 si
558 2006 831 2065 sincerus
869 2008 1002 2086 erit,
1040 2025 1113 2066 ex
1150 2007 1286 2066 vino
1327 2014 1555 2086 vetere3
1593 2005 1819 2085 profuit
1856 2014 1917 2066 et
1944 2005 2144 2084 pulmo
2184 2007 2348 2066 cervi

315 2093 523 2153 eodem
570 2094 744 2154 modo
792 2094 1088 2155 arefactus
1135 2103 1197 2155 et
1243 2095 1433 2156 datus,

491 2180 745 2241 Prodest
782 2184 1126 2261 suspiriosis
1154 2183 1269 2244 hoc
1298 2184 1799 2244 medicamentum
1829 2183 2161 2244 evidenter:
2208 2182 2348 2244 Alu-

315 2270 491 2329 minis
546 2270 673 2329 fissi
720 2269 770 2329 X
806 2268 907 2350 VI,
964 2272 1085 2350 opii
1129 2270 1181 2330 X
1219 2271 1262 2332 I.
1355 2272 1522 2351 Aqua
1569 2273 1780 2350 exigua
1827 2274 2029 2351 opium
2076 2271 2348 2353 diluitur,

314 2358 602 2418 miscetur
647 2358 893 2419 alumini
938 2368 1074 2421 ante
1121 2362 1281 2421 trito.
1358 2359 1540 2423 Fiunt
1586 2360 1809 2439 globuli
1855 2362 2071 2422 ciceris
2121 2363 2347 2439 magni·
2377 2379 2428 2420 ιε

312 2447 538 2527 tudine,
584 2446 802 2509 dantur
848 2450 1050 2510 ieiuno
1089 2457 1224 2510 ante
1265 2448 1466 2511 cibum
1507 2451 1782 2529 quaterni
1818 2458 1920 2511 aut
1959 2450 2142 2528 quini.
2217 2449 2348 2511 Hoc

312 2535 810 2597 medicamentum
867 2545 928 2598 et
982 2538 1054 2598 ad
1112 2540 1420 2617 sanguinis
1477 2540 1853 2617 eruptionem
1918 2556 1990 2599 ex
2044 2540 2349 2600 interiori-

312 2622 426 2685 bus
474 2624 742 2702 partibus
789 2626 932 2687 facit
990 2635 1052 2687 et
1106 2628 1179 2687 ad
1235 2635 1498 2689 veterem
1554 2635 1782 2689 tussem
1830 2637 1890 2688 et
1935 2627 2009 2688 ad
2054 2628 2348 2706 pthisicos

313 2712 403 2772 vel
452 2713 768 2791 purulenta
814 2724 1180 2776 excreantes,

491 2801 618 2863 Hoc
665 2821 904 2883 quoque
949 2804 1450 2866 medicamentum
1501 2804 1575 2865 ad
1622 2806 1948 2883 suspirium
1995 2806 2140 2865 satis
2187 2824 2348 2866 com-
2376 2824 2427 2864 πο

313 2890 486 2951 mode
535 2891 702 2953 facit:
760 2891 1034 2973 Sulpuris
1081 2892 1133 2952 X
1169 2892 1212 2974 1,
1259 2896 1405 2954 nitri
1449 2892 1501 2952 X
1538 2892 1582 2975 1,
1629 2892 1897 2954 abrotani
1945 2894 2103 2973 quod
2150 2894 2348 2956 trihus

315 2979 516 3056 digitis
563 2980 968 3060 conprehendi
1003 2984 1212 3063 possit.
1277 2981 1440 3044 Haec
1478 2982 1929 3043 contunduntur
1967 2991 2025 3043 et
2063 2990 2349 3045 teruntur

314 3068 576 3149 curiose3
623 3088 760 3130 cum
807 3088 957 3149 opus
1005 3080 1114 3152 est,
1161 3071 1379 3132 dantur
1425 3089 1497 3132 ex
1539 3071 1634 3131 his
1671 3073 1872 3132 ieiuno
1911 3071 2190 3132 cocliaria
2228 3072 2349 3134 duo

313 3174 450 3217 cum
498 3157 731 3218 duobus
779 3159 1005 3238 cyathis
1051 3163 1205 3221 aceti
1251 3159 1444 3221 calidi.

490 3329 603 3384 tit..·
654 3328 1009 3399 suspiriosus.
1228 3330 1588 3402 arteriorum]
1637 3329 1968 3385 arteriarum
2020 3328 2348 3387 Gornarius.

312 3397 584 3469 vomicas]
623 3401 882 3456 vomitus.
1063 3401 1503 3470 restringendas.
1683 3400 2090 3471 provocandae.
2275 3402 2346 3457 ad

312 3485 412 3523 om.
451 3475 577 3524 ante
615 3470 910 3539 singultus.

493 3546 521 3593 1
564 3540 849 3597 scillitum.
960 3549 992 3597 3
1030 3541 1227 3613 argila.
1338 3543 1516 3598 forne.
1630 3549 1660 3597 7
1700 3543 2029 3613 dyspnuam.
2127 3548 2191 3597 11
2223 3561 2351 3599 sen·

312 3625 489 3665 cerus.
635 3618 704 3668 23
743 3613 853 3669 duo
892 3630 1019 3669 cum
1055 3630 1157 3669 om.
