2575 4092
1018 200 1493 265 —327—

233 382 419 444 quam
463 365 767 443 potionem
812 361 1061 423 colatam
1108 363 1369 424 admixto
1415 363 1653 442 paululo
1696 364 1887 426 mellis
1924 366 2263 430 calefactam

236 455 410 533 potui
465 451 650 513 dabis.
732 450 964 512 Herbae
1009 450 1386 514 Britannicae
1444 470 1624 514 sucus
1678 472 1787 532 per
1832 473 1896 515 se
1943 455 2106 517 solus
2151 475 2262 537 pro
2301 469 2368 519 ⁷1

238 544 419 603 unius
457 543 748 619 cuiusque
786 539 1013 601 viribus
1049 543 1220 619 potui
1257 549 1531 621 sumptus
1570 544 1698 603 sine
1726 543 1992 622 periculo
2019 553 2261 627 purgat3

238 648 358 710 quo
406 629 654 691 validius
700 636 899 690 autem
945 632 1191 708 purgari
1237 629 1522 704 volueriS,
1576 631 1690 692 hoc
1745 632 1998 711 amplius
2044 652 2263 714 sumes,

173 736 206 778 5
235 722 322 780 ita
375 727 444 780 ut
499 736 839 780 mensuram
898 720 1143 779 sextarii
1187 736 1310 779 non
1356 718 1622 781 excedas,
1702 719 2005 782 Lauriculi
2049 724 2262 803 teneri,
2302 736 2370 784 72

235 807 296 869 id
354 816 448 869 est
503 826 704 887 cymae
761 807 938 888 lauri,
995 825 1133 868 cum
1187 815 1403 887 nepeta
1458 808 1688 869 adiecto
1744 809 1865 870 sale
1911 812 2157 872 contriti
2202 820 2260 873 et

235 915 375 958 cum
430 915 615 975 aquae
670 895 905 975 tepidae
960 895 1196 956 hemina
1250 898 1314 957 in
1370 900 1611 977 potione
1673 901 1896 977 sumpti
1960 901 2261 961 concitant

234 985 431 1046 alvum
475 985 869 1064 pituitamque
916 993 977 1045 et
1020 983 1348 1046 lumbricos
1395 985 1673 1047 celeriter
1715 988 1956 1048 eiciunt.
2041 986 2260 1049 Sabuci
2298 1001 2366 1050 73

235 1073 477 1135 coliculi
528 1076 723 1135 teneri
776 1072 1011 1134 decocti
1064 1091 1202 1134 cum
1256 1073 1387 1134 oleo
1444 1082 1506 1135 et
1549 1093 1691 1154 garo
1737 1075 2078 1137 manducati
2121 1095 2260 1137 ven·

144 1180 204 1220 10
234 1171 391 1225 trem
437 1164 720 1224 continuo
758 1162 1010 1223 solvunt.
1083 1161 1376 1224 Aluminis
1412 1163 1624 1243 liquidi
1657 1163 1965 1243 paululum
2001 1165 2133 1226 lana
2169 1167 2257 1226 in·
2299 1177 2370 1226 74

231 1251 503 1313 volutum
558 1259 618 1312 et
670 1250 870 1331 podici
925 1250 1260 1312 subiectum
1313 1260 1518 1313 evocat
1566 1261 1798 1314 stercus
1847 1261 1907 1315 et
1952 1256 2083 1315 sine
2131 1254 2260 1315 fati-

232 1342 469 1420 gatione
517 1340 776 1401 deducit.

411 1428 783 1508 Frequenter
838 1429 1070 1507 experti
1125 1427 1480 1490 solutionem
1524 1430 1751 1489 ventris
1797 1430 2111 1491 adfirmant
2157 1430 2261 1492 tali
2299 1440 2366 1491 75

230 1517 495 1578 remedio
544 1536 608 1578 se
657 1534 788 1577 esse
835 1525 1144 1596 purgatos:
1199 1516 1389 1577 Mellis
1435 1516 1794 1579 acitabulum
1841 1526 1902 1579 et
1948 1518 2085 1579 salis
2132 1520 2261 1580 triti

143 1621 202 1662 15
231 1605 583 1667 tantundem
639 1624 775 1667 cum
832 1606 987 1665 aceti
1040 1607 1298 1665 sextario
1350 1624 1468 1667 uno
1516 1606 1905 1667 fervefaciunt
1951 1616 2128 1686 atque
2174 1607 2257 1668 ita

231 1704 406 1757 nocte
463 1694 574 1755 sub
638 1694 772 1754 divo
839 1692 1000 1754 caelo
1058 1712 1271 1755 sereno
1329 1713 1427 1755 vas
1483 1694 1692 1755 leviter
1747 1702 2023 1773 opertum
2077 1695 2256 1756 relin-

229 1794 426 1863 quunt
479 1790 541 1844 et
587 1801 788 1862 mane,
835 1801 971 1843 cum
1018 1783 1209 1861 pridie
1257 1801 1404 1844 cena
1451 1782 1875 1864 abstinuerint,
1922 1802 2059 1844 cum
2105 1802 2257 1863 aqua

230 1879 521 1952 quantum
566 1872 823 1933 sufficiat
869 1872 1207 1931 minutatim
1252 1871 1493 1953 bibunt3
1541 1890 1658 1950 quo
1697 1871 1852 1932 facto
1900 1890 2018 1933 non
2063 1872 2257 1933 solum

227 1962 476 2042 ventris,
522 1959 627 2021 sed
673 1962 850 2020 etiam
897 1967 1057 2019 atrae
1104 1959 1240 2020 bilis
1286 1978 1355 2021 ac
1401 1961 1569 2021 rufae
1616 1960 1811 2021 taedio
1851 1959 2254 2022 absolvuntur.

138 2066 198 2106 20
230 2049 448 2111 Serum
502 2048 576 2109 de
636 2048 788 2110 lacte
842 2047 1067 2109 bubulo
1123 2049 1355 2110 adiecto
1419 2048 1594 2109 melle
1660 2056 1721 2109 et
1786 2048 1905 2110 sale
1967 2057 2256 2128 quantum
2293 2061 2362 2110 76

228 2140 374 2199 satis
421 2140 499 2198 sit
542 2140 711 2217 potui
756 2145 1061 2215 sumptum
1106 2147 1437 2199 morantem
1483 2137 1678 2199 alvum
1714 2137 1961 2217 inpellit.
2037 2137 2250 2199 Serum
2294 2150 2361 2199 77

225 2228 302 2288 de
349 2226 500 2287 lacte
547 2227 767 2305 equino
812 2228 982 2306 potui
1028 2225 1230 2287 datum
1277 2226 1448 2288 facile
1503 2235 1564 2287 et
1617 2227 1748 2288 sine
1799 2226 2066 2306 periculo
2113 2245 2251 2288 ven-

226 2323 383 2377 trem
416 2314 676 2375 molliter
711 2323 943 2394 purgat.
1007 2314 1318 2377 Asininum
1353 2315 1442 2376 lac
1481 2334 1617 2377 cum
1646 2314 1820 2376 melle
1849 2318 2018 2396 potui
2046 2316 2251 2377 datum
2291 2327 2361 2377 ⁷8

226 2411 500 2466 ventrem
546 2402 717 2465 facile
763 2411 824 2464 et
869 2405 998 2464 sine
1044 2403 1313 2482 periculo
1361 2404 1549 2465 solvit.

32 2495 33 2552 ζ
138 2508 200 2551 25
409 2491 559 2553 Salis
604 2494 819 2553 marini
862 2494 992 2553 triti
1038 2501 1097 2553 et
1145 2492 1334 2553 mellis
1382 2494 1591 2571 optimi
1630 2491 1965 2572 despumati
2001 2500 2060 2553 et
2098 2495 2252 2554 aceti
2291 2504 2359 2555 79

228 2580 489 2644 scillitici
535 2583 869 2642 semuncias
915 2580 1179 2659 singulas
1223 2584 1286 2641 in
1335 2598 1521 2640 unum
1566 2580 1846 2641 miscebis
1894 2589 1953 2641 et
1995 2588 2155 2642 teres
2193 2590 2255 2643 et

226 2688 415 2749 aquae
461 2669 716 2731 mundae
763 2668 1011 2748 frigidae
1059 2669 1431 2748 quartarium
1476 2668 1697 2729 adicies
1735 2675 1795 2729 et
1831 2669 2155 2747 coagitabis
2192 2678 2255 2732 et

227 2762 466 2820 ieiunus
514 2757 863 2825 calefactum
908 2757 1125 2819 leniter
1177 2757 1373 2839 bibes;
1430 2768 1557 2819 tum
1612 2757 2017 2819 deambulabis
2075 2766 2255 2836 atque

226 2851 388 2909 inter
424 2846 919 2908 deambulandum
957 2845 1205 2908 calidam
1251 2865 1465 2926 aquam
1513 2846 1809 2928 paulatim,
1858 2848 2135 2925 quotiens
2172 2848 2256 2906 vi-

142 2953 201 2993 so
229 2956 364 2997 sum
412 2936 608 3017 fuerit,
655 2954 881 3017 sumes3
930 2943 1204 3014 potenter
1249 2936 1364 2997 hoc
1409 2935 1674 2996 remedio
1711 2943 1979 2996 ventrem
2018 2953 2252 2996 moran·

230 3033 354 3087 tem
398 3024 668 3105 bilesque
714 3024 1015 3104 purgabis,

408 3112 690 3192 Malagma
735 3114 1146 3193 purgatorium
1194 3111 1266 3173 ad
1303 3111 1605 3195 parvuloS,
1646 3114 1699 3174 si
1735 3112 1812 3173 ob
1848 3112 2255 3174 infirmitatem
2291 3124 2364 3174 80

227 3204 532 3283 potionem
561 3204 963 3281 purgatoriam
991 3201 1198 3262 bibere
1228 3209 1331 3262 aut
1358 3204 1655 3263 sustinere
1683 3220 1804 3263 non
1831 3210 2111 3281 possunt:
2139 3200 2257 3261 Lu-

227 3294 404 3373 pinos
442 3290 663 3352 crudos
701 3292 892 3351 siccos
925 3292 987 3351 in
1017 3289 1190 3350 ollam
1217 3289 1430 3351 novam
1456 3293 1670 3351 missos
1698 3293 1762 3351 in
1790 3291 1966 3351 furno
1996 3289 2257 3352 torrebis

415 3431 444 3480 1
482 3426 727 3495 pau1010.
907 3432 939 3481 2
978 3425 1333 3481 brittanicae.
1532 3432 1565 3480 3
1602 3424 1766 3480 vires.
1958 3431 1990 3480 5
2027 3425 2254 3480 teneris·

230 3504 299 3553 10
337 3496 628 3567 paulolum
668 3502 764 3552 lm
800 3497 1094 3566 paululum
1128 3501 1244 3553 2m.
1400 3500 1467 3551 26
1507 3495 1716 3551 scilliti.
1876 3500 1946 3550 30
1983 3501 2111 3552 ante
2146 3496 2258 3552 hoc

225 3569 359 3626 add.
397 3584 501 3639 per
535 3572 640 3625 2m
674 3582 847 3638 supra
881 3569 980 3624 lin.
1124 3566 1451 3621 remedium.
