2575 4092
1040 236 1515 302 -165—

258 400 432 461 adice
482 402 543 460 in
592 399 766 460 ollam
814 398 1006 460 mellis
1053 401 1262 479 optimi
1308 402 1633 462 sextarium
1680 411 1739 462 et
1783 409 1989 483 postea
2028 401 2293 482 decoque

260 489 337 550 ad
376 489 836 550 crassitudinem
874 487 1091 570 mellis;
1129 507 1201 549 ex
1240 507 1311 549 eo
1355 491 1544 550 uteris
1572 491 1808 552 ieiunus
1837 491 2082 552 cottidie
2120 489 2295 570 plena

258 577 446 656 ligula
510 578 581 638 ad
642 578 947 656 sanguinis
1003 579 1390 639 reiectionem
1446 578 1765 641 sedandam
1830 587 1890 641 et
1945 579 2018 640 ad
2079 587 2293 640 stoma·

262 667 445 728 chum
484 666 973 727 confirmandum.
1032 666 1322 746 Butyrum
1353 667 1607 729 nitidum
1637 675 1697 729 et
1724 668 2072 731 tantundem
2100 667 2293 730 mellis
2331 677 2399 727 7ο

201 775 231 816 5
261 756 477 835 optimi
507 757 840 834 despumati
874 756 1132 839 coquito,
1165 756 1355 817 donec
1384 755 1548 818 color
1575 756 1748 818 rufus
1776 758 1872 838 sit,
1901 765 1962 818 et
1988 759 2050 818 in
2079 758 2293 837 pyxide

261 862 482 906 cornea
537 844 795 905 reconde
851 852 1028 923 atque
1084 844 1223 905 inde
1270 863 1443 907 mane
1489 847 1692 907 ieiuno
1739 845 1969 925 singula
2015 845 2289 907 cocliaria

263 933 420 1014 dato,
469 936 571 1013 qui
618 932 917 1012 pulmonis
962 933 1288 995 exulcerati
1333 936 1475 995 vitio
1521 934 1771 995 fetidum
1819 933 1939 995 olet
1979 934 2072 995 vel
2107 952 2292 1014 puru-

260 1022 491 1083 lentum
539 1030 601 1083 ct
645 1022 895 1083 fetidum
945 1029 1201 1085 excreat.
1270 1022 1576 1102 Axungiae
1622 1023 1829 1084 suillae
1876 1030 2144 1084 vetustae
2182 1042 2288 1084 un·
2331 1032 2398 1081 71

263 1113 390 1171 0130
446 1118 571 1171 tres
628 1129 702 1171 ex
757 1113 878 1172 vini
934 1113 1321 1173 vetustissimi
1376 1112 1567 1192 cotyla
1622 1130 1741 1174 una
1796 1112 2077 1174 decoctae
2124 1114 2292 1192 potui

176 1219 235 1258 10
262 1199 539 1279 pthisicis
586 1200 755 1261 datae
803 1207 1078 1279 potenter
1125 1201 1545 1263 remediantur.
1618 1201 1837 1263 Anetbi
1882 1203 2028 1263 sicci
2073 1204 2293 1263 veteris
2332 1208 2398 1259 72

262 1288 570 1367 pulverem
627 1297 689 1349 et
742 1291 975 1349 resinae
1024 1291 1291 1367 pituinae
1337 1290 1642 1368 pulverem
1689 1310 1827 1352 cum
1874 1290 2046 1371 adipe
2093 1298 2292 1351 vetere

265 1379 543 1438 anserino
591 1385 694 1438 aut
740 1376 1061 1457 gallinaceo
1101 1378 1396 1439 edendum
1440 1397 1611 1443 mane
1649 1382 1848 1441 ieiuno
1887 1381 2156 1459 empyico
2194 1398 2290 1440 co·

265 1466 466 1527 cliaria
523 1468 636 1527 tria
694 1474 756 1526 et
811 1484 1057 1545 vespere
1112 1467 1462 1528 tantundem
1510 1467 1704 1549 dabis,
1755 1470 1906 1529 mire
1954 1467 2290 1528 subvenies.

264 1555 353 1615 Ad
410 1574 541 1636 eoS,
597 1556 696 1634 qui
756 1557 1105 1633 sanguinem
1161 1564 1469 1637 excreant,
1523 1556 1856 1617 remedium
1912 1556 2120 1616 efficax
2178 1557 2291 1617 sic:
2331 1562 2398 1612 ⁷3

181 1661 238 1701 15
266 1644 446 1705 Turis
502 1643 752 1705 masculi
806 1643 1122 1722 diligenter
1176 1645 1304 1706 triti
1360 1639 1523 1722 dra&
1571 1643 1649 1724 11,
1705 1645 2060 1706 ammoniaci
2117 1662 2295 1705 unam

265 1751 404 1793 cum
449 1735 605 1794 aceti
649 1733 885 1793 hemina
934 1733 1111 1794 simul
1158 1732 1654 1813 contemperabis,
1699 1735 1782 1794 ita
1820 1741 1889 1794 ut
1924 1730 2051 1793 bibi
2087 1734 2295 1814 possit,

266 1831 326 1881 et
371 1821 664 1883 laboranti
709 1823 910 1882 ieiuno
958 1822 1324 1902 aemoptyico
1372 1821 1558 1883 dabis.

445 1909 510 1970 Si
531 1912 665 1989 quis
693 1910 1082 1989 purulentum
1111 1912 1309 1992 tussit,
1339 1929 1512 1972 ovum
1544 1909 1798 1971 crudum
1827 1928 1963 1971 cum
1981 1911 2112 1991 pari
2128 1928 2291 1972 men·
2334 1916 2402 1966 74

267 2018 406 2060 sura
455 2002 584 2060 suci
631 2000 704 2060 de
749 2018 953 2079 porrov
980 2001 1203 2060 sectivo
1251 2002 1521 2078 expressi
1567 1997 2038 2078 tantundemque
2086 1999 2296 2078 optimi

180 2105 237 2145 20
263 2088 457 2149 mellis
504 2090 783 2166 permixti
830 2087 1178 2149 calefactum
1226 2090 1465 2150 ieiunus
1512 2087 1768 2150 sorbeat.
1840 2086 1926 2147 Ad
1972 2088 2294 2148 excreatio·
2334 2092 2402 2143 ⁷5

262 2195 402 2238 nem
450 2185 756 2238 cruentam
803 2177 1132 2238 remedium
1180 2178 1296 2238 sic:
1343 2176 1589 2239 Cocleae
1632 2175 1880 2238 elixatae
1918 2183 2198 2238 teruntur
2235 2187 2296 2239 et

263 2285 336 2326 ex
383 2284 537 2345 aqua
575 2265 763 2326 calida
801 2264 872 2326 ab
911 2267 1114 2326 ieiuno
1153 2264 1442 2328 bibuntur
1478 2284 1713 2328 necnon
1751 2265 1820 2326 ad
1861 2266 2017 2327 idem
2059 2264 2293 2327 cocleae

260 2354 482 2415 inlotae
529 2373 601 2415 ex
648 2373 801 2434 aqua
836 2355 1065 2414 marina
1104 2363 1447 2434 coquuntur
1485 2364 1546 2417 et
1582 2355 1962 2416 devorantur.
2026 2353 2293 2416 Tussicis
2332 2361 2400 2411 76

262 2453 326 2504 et
370 2444 660 2523 empyicis
703 2443 951 2522 prodest
995 2461 1165 2524 aqua,
1210 2446 1273 2504 in
1312 2462 1427 2522 qua
1466 2444 1727 2523 cydonea
1773 2442 1926 2504 mala
1963 2452 2130 2504 cocta
2167 2444 2293 2503 fue·

179 2548 233 2590 25
261 2534 404 2613 rint,
442 2532 687 2593 adsidue
723 2533 1062 2613 propinata3
1098 2533 1227 2611 ipsa
1265 2534 1443 2593 etiam
1482 2534 1535 2593 si
1571 2533 1803 2593 incocta
1840 2531 2295 2612 manducentur,

260 2623 483 2683 iuvant.
559 2620 847 2699 Si'ongeae
892 2620 1204 2681 Africanae
1253 2630 1496 2682 exustae
1552 2622 1703 2682 cinis
1751 2639 1886 2681 cum
1934 2638 2080 2681 suco
2125 2621 2294 2699 porri
2333 2626 2399 2678 77

262 2711 473 2771 sectivi
517 2709 768 2771 haustus
813 2711 1116 2789 empyicos
1162 2718 1348 2770 sanat.
1437 2708 1648 2770 Rafani
1693 2711 1848 2769 cocti
1897 2709 2030 2770 cibo
2069 2710 2292 2789 sumpti
2331 2715 2398 2766 78

261 2798 749 2878 sanguinulentas
813 2799 1222 2859 excreationes
1287 2797 1565 2860 celeriter
1629 2797 1961 2859 emendant.
2062 2797 2291 2858 Gumen
2331 2803 2398 2854 79

262 2890 554 2966 optimum
598 2888 662 2947 in
709 2904 812 2946 ore
861 2885 1122 2948 solutum
1180 2894 1241 2948 et
1290 2886 1676 2966 degluttitum
1729 2904 1960 2947 summo
2008 2887 2293 2964 empyicis

178 2993 234 3033 ao
261 2976 528 3037 remedio
575 2984 685 3037 est.
756 2974 1087 3055 Ruborum,
1133 2976 1196 3036 in
1244 2974 1461 3054 quibus
1506 2993 1672 3036 mora
1719 2982 2065 3056 nascuntur,
2113 2974 2290 3035 cauli·
2329 2982 2398 3033 80

263 3065 384 3126 culi
438 3065 634 3126 teneri
686 3064 1052 3145 tunduntur3
1109 3082 1180 3124 ex
1240 3064 1336 3124 his
1396 3082 1578 3125 sucus
1634 3065 2015 3144 exprimitur,
2070 3065 2175 3143 qui
2228 3065 2291 3125 in

262 3152 386 3215 sole
424 3153 497 3214 ad
537 3152 995 3214 crassitudinem
1032 3152 1224 3213 mellis
1263 3154 1557 3233 spissatur
1594 3154 1877 3233 agitatus:
1914 3153 2012 3215 1110
2039 3153 2292 3213 haustus

260 3241 781 3321 sanguinulentam
828 3242 1264 3302 excreationem
1312 3241 1722 3303 efficacissime
1774 3241 1975 3303 cludit.
2059 3240 2290 3301 Eorun-

259 3332 396 3392 dem
457 3329 749 3392 ruborum
809 3329 1085 3391 cauliculi
1150 3332 1346 3391 teneri
1409 3349 1480 3391 ex
1544 3332 1681 3391 vino
1741 3338 1981 3391 austero
2041 3329 2291 3390 discocti

405 3472 437 3520 2
477 3464 677 3536 uteris]
718 3465 943 3521 ueteris.
1115 3472 1147 3521 3
1186 3464 1387 3521 lecula.
1562 3471 1628 3520 10
1664 3464 1940 3535 tphisicis.
2113 3478 2289 3518 reme-

258 3535 512 3607 diantur]
550 3536 920 3592 remediatum
959 3537 1063 3592 est.
1230 3541 1295 3591 17
1335 3535 1669 3606 emoptoicO.
1808 3584 1812 3591 .
1843 3540 1913 3589 20
1947 3532 2288 3604 permixtum

262 3608 587 3663 Gor-narius.
731 3613 800 3662 22
840 3607 939 3679 ab]
978 3609 1066 3663 ad.
