2575 4092
1107 202 1587 267 —114—

229 383 300 433 82
341 371 695 449 stringetur:
751 386 888 429 cum
936 367 1182 428 solveris
1229 375 1288 428 et
1332 368 1685 441 removeriS,
1735 367 1896 428 fluet.
1980 366 2374 448 Cepresicum,

344 476 493 538 quae
539 459 603 518 in
648 457 842 536 lapide
890 458 1174 536 nascitur,
1220 456 1463 535 colliges
1512 457 1635 517 sive
1683 457 1901 516 siccam
1950 473 2058 517 seu
2103 457 2372 537 viridem,

341 548 400 608 id
449 555 542 608 est
586 549 785 626 ipsum
829 564 1099 625 pomum,
1151 551 1211 605 et
1255 545 1318 605 in
1366 543 1521 624 pelle
1565 546 1809 623 caprina
1853 544 2185 606 involutum
2232 545 2373 624 liga-

341 636 433 697 bis
478 636 552 697 de
600 635 756 715 licio,
802 635 959 714 quod
1007 637 1070 696 in
1116 634 1230 695 tela
1278 633 1478 712 fuerit,
1523 640 1584 693 et
1630 635 1687 694 ei
1722 632 1854 694 loco
1892 633 2172 713 adponeS,
2209 635 2371 702 unde

339 726 456 785 erit
501 725 807 803 sanguinis
844 724 1044 804 fluxio,
1090 724 1287 784 statim
1329 722 1724 802 cohibebitur,
1771 724 1895 783 sive
1935 725 2060 783 viro
2099 723 2174 784 de
2211 725 2369 783 nari·
2398 741 2431 782 5

338 813 451 874 bus
499 815 621 874 sive
668 812 906 874 mulieri
951 813 1025 875 de
1071 812 1218 874 locis
1266 811 1797 873 verecundioribus
1843 812 2006 872 fluat.

1199 1006 1360 1069 CAP.
1404 1005 1501 1067 Xl.

333 1119 532 1175 Vitiis
558 1119 900 1177 labiorum
929 1122 1001 1174 et
1027 1118 1313 1189 gingivis
1344 1121 1415 1173 et
1443 1119 1727 1175 oscidini
1756 1121 1829 1175 et
1855 1119 1988 1175 oris
2014 1119 2372 1176 ulceribus

336 1212 406 1264 et
465 1209 668 1264 fetori
716 1211 785 1264 et
836 1209 1109 1277 linguae
1165 1207 1436 1277 pusulis
1491 1210 1561 1262 et
1613 1208 1824 1278 palati
1877 1209 2372 1265 exulcerationi

237 1295 240 1298 ’
591 1298 891 1354 remedia
936 1296 1215 1367 physica
1260 1299 1333 1351 et
1375 1296 1801 1352 rationabilia
1848 1298 2115 1354 diversa

1032 1387 1118 1441 de
1164 1386 1664 1455 experimentis

262 1535 290 1582 1
510 1523 662 1584 Vitia
709 1525 830 1583 oris
877 1531 938 1589 et
983 1523 1241 1583 faucium
1291 1530 1351 1582 et
1397 1521 1615 1603 ulcera,
1663 1540 1813 1601 quae
1863 1525 1927 1583 in
1973 1542 2077 1584 ore
2115 1525 2267 1585 flunt
2305 1533 2369 1586 et

333 1612 610 1673 celeriter
655 1615 1020 1691 nigrescunt,
1066 1614 1225 1672 inter
1270 1612 1440 1671 initia
1477 1619 1711 1688 oportet
1748 1611 1932 1672 rebus
1975 1611 2368 1695 simplicibus,

331 1701 391 1761 id
440 1708 531 1762 est
576 1719 728 1781 aqua
775 1700 961 1762 calida
1007 1718 1118 1780 per
1164 1718 1228 1760 se
1280 1699 1372 1759 vel
1418 1699 1626 1779 mulsa,
1678 1708 1885 1779 postea
1929 1720 2071 1761 vero
2117 1702 2367 1763 decocta

332 1808 484 1869 aqua
531 1809 667 1851 cum
715 1789 993 1851 lenticula
1038 1788 1131 1849 vel
1176 1787 1454 1867 palmulis
1491 1788 1582 1848 vel
1620 1789 1930 1871 capreolis,
1974 1790 2035 1850 id
2074 1799 2165 1851 est
2203 1809 2363 1851 sum·
2399 1808 2455 1848 10

333 1879 641 1941 mitatibus
691 1881 917 1959 vitium,
960 1878 1054 1938 vel
1099 1877 1269 1937 malis
1318 1877 1597 1955 cydoneis
1635 1879 2039 1957 aut'mespilis
2075 1888 2178 1940 aut
2213 1882 2366 1958 piris

263 1980 296 2025 2
337 1967 643 2047 Syriaticis
691 1976 793 2029 aut
838 1986 1008 2028 rosae
1056 1966 1214 2027 foliis
1262 1966 1491 2027 adiecto
1533 1966 1705 2027 melle
1744 1970 1959 2028 curari.
2027 1967 2222 2048 Adeps
2259 1987 2363 2029 an-

335 2059 570 2117 serinus
617 2064 718 2117 aut
765 2055 1124 2134 gallinaceus
1170 2058 1354 2116 rimas
1408 2054 1701 2116 labiorum
1757 2058 1993 2135 egregie
2049 2064 2220 2121 curat
2274 2059 2364 2118 in-

257 2157 289 2204 3
328 2147 580 2223 positus,
638 2143 1128 2223 Nigrescentibus
1166 2144 1472 2205 ulceribus
1508 2144 1778 2223 proderit
1806 2144 2065 2206 colluere
2095 2164 2162 2205 os
2190 2164 2364 2225 aqua,

331 2235 393 2293 in
451 2252 567 2312 qua
622 2241 858 2295 coctum
917 2235 995 2293 sit
1049 2232 1366 2293 lentiscum
1422 2232 1512 2293 vel
1576 2232 1767 2293 rubus
1817 2234 1907 2294 vel
1971 2242 2202 2313 myrtus
2266 2235 2362 2296 vel
2395 2254 2450 2293 15

329 2322 477 2382 rhus
516 2322 823 2403 Syriacum
870 2321 963 2382 vel
1009 2321 1331 2383 oleastrum
1370 2321 1463 2382 vel
1499 2324 1665 2382 iunci
1700 2322 1887 2403 radix,
1934 2341 2110 2402 quam
2148 2323 2363 2385 Graeci

329 2430 591 2491 cyperon
648 2420 885 2491 vocant,
941 2419 1044 2471 aut
1098 2410 1374 2472 similiter
1428 2411 1656 2471 adiecta
1711 2429 1821 2490 per
1877 2430 1942 2473 se
1996 2421 2058 2473 et
2112 2412 2359 2473 decocta

329 2500 478 2579 galla
518 2500 774 2581 Syriaca.
867 2499 1180 2579 Oportebit
1226 2507 1425 2560 autem
1471 2517 1808 2579 perungere
1863 2500 2109 2562 adsidue
2156 2500 2363 2563 ulcera

329 2607 473 2649 suco
521 2590 685 2670 rubi,
740 2589 1004 2669 lentisci,
1061 2588 1328 2668 oleastri,
1384 2607 1555 2650 rosae
1600 2589 1810 2649 viridis
1857 2590 2161 2671 foliorum3
2216 2590 2362 2652 facit

323 2676 475 2738 bene
532 2686 592 2739 et
649 2678 734 2739 sal
788 2681 996 2740 tritum
1045 2695 1182 2738 cum
1229 2676 1404 2737 melle
1450 2678 1815 2739 inculcatum
1860 2681 2100 2757 copiose
2146 2679 2221 2739 ad
2267 2682 2358 2740 ni·
2391 2699 2446 2738 20

253 2779 289 2826 4
326 2768 619 2846 gridinem
665 2766 873 2829 talium
911 2766 1180 2827 ulcerum
1220 2766 1560 2827 eruendam.
1634 2765 1814 2827 Labia
1853 2775 2027 2846 rupta
2064 2768 2157 2828 vel
2195 2768 2360 2829 exul-

325 2867 523 2917 cerata
578 2859 729 2917 mira
786 2856 1090 2917 celeritate
1151 2854 1415 2935 sanabiS,
1470 2857 1525 2916 si
1577 2873 1775 2918 ceram
1821 2858 1884 2916 in
1931 2856 2060 2918 oleo
2107 2875 2359 2919 rosaceo

324 2945 396 3006 ad
445 2948 636 3006 ceroti
681 2946 921 3006 modum
967 2944 1347 3023 liquefeceris
1393 2962 1650 3023 cumque
1697 2946 1760 3005 in
1802 2944 2052 3007 caccabo
2100 2946 2194 3006 vel
2239 2948 2359 3007 aci-

321 3033 521 3094 tabulo
569 3033 994 3114 conferbuerit,
1044 3032 1341 3094 anchusae
1388 3033 1620 3093 radices
1666 3034 1956 3095 adieceris
2003 3042 2063 3095 et
2108 3036 2358 3115 refrige-

249 3136 282 3184 5
321 3130 449 3183 rato
497 3126 761 3203 unguine
799 3126 860 3183 in
899 3131 1136 3184 noctem
1172 3121 1326 3182 labia
1364 3121 1658 3183 inleveriS.
1732 3122 1797 3182 In
1848 3125 1944 3183 ovi
1980 3130 2132 3183 testa
2173 3143 2356 3184 mem·
2386 3142 2442 3182 25

247 3225 281 3273 6
320 3212 504 3272 brana
534 3231 685 3291 quae
714 3213 920 3273 haeret
949 3213 1143 3291 ruptis
1172 3209 1345 3271 labiis
1372 3218 1538 3271 recte
1567 3210 1902 3290 adponitur.
1957 3208 2100 3289 Alga
2125 3215 2354 3274 marina

320 3303 479 3362 sicca
530 3302 898 3381 candidaque
946 3301 1213 3380 adposita
1257 3299 1429 3361 labiis
1475 3302 1672 3379 ruptis
1720 3300 2040 3361 efficaciter
2084 3302 2353 3379 prodest.

458 3442 543 3562 lag·
580 3436 821 3578 ffigffiirils]
879 3507 1121 3563 mirium.
1342 3512 1408 3561 18
1455 3514 1585 3576 post
1641 3505 1870 3575 Syriaca.
1923 3508 2051 3563 add.
2109 3511 2356 3565 contusa.

317 3580 638 3635 Coa-narius,
786 3584 856 3633 20
892 3578 1275 3634 inculciatum.
1423 3584 1492 3632 25
1529 3576 1782 3633 inlueris.
