2575 4092
997 240 1094 295 -.
1174 204 1305 270 303
1396 240 1481 252 -

214 376 359 449 tem,
395 384 629 446 myrrae
678 365 887 427 unciae
936 366 1353 448 quadrantem,
1401 369 1599 447 spicae
1645 368 1816 429 nardi
1860 369 2096 430 Indicae
2144 389 2251 431 un·

213 458 342 519 ciae
384 462 732 535 sextantem,
784 455 908 533 opii
953 456 1163 516 unciae
1212 455 1620 536 quadrantem,
1667 459 1832 519 croci
1868 460 2252 541 semunciam,

210 546 441 625 piperis
487 543 650 623 longi
695 545 1088 622 semunciam,
1136 545 1361 624 piperis
1408 547 1566 624 nigri
1612 548 2003 628 semunciam,
2048 555 2250 627 petro-

214 633 380 695 silini
430 665 507 677 —
550 632 593 713 l,
639 631 886 693 schoeni
930 664 1020 675 —
1054 632 1098 693 I.
1174 631 1335 694 Haec
1382 637 1578 694 omnia
1616 641 1864 697 contusa
1902 654 2041 697 cum
2077 634 2251 697 melle

155 741 185 783 5
214 722 466 783 decocto
522 723 879 801 miscentur,
936 720 1113 781 datur
1171 740 1243 781 ex
1298 720 1412 783 hoc
1467 722 1901 785 medicamento
1965 735 2251 804 quantum

214 830 339 872 nux
388 809 647 871 avellana
695 827 767 870 ex
814 810 968 870 meri
1013 809 1241 889 cyathis
1288 817 1590 892 quattuor,
1637 812 1796 891 quod
1843 820 1905 873 et
1949 814 2097 891 ipsis
2133 814 2252 893 pri-

213 903 330 960 mis
388 898 697 959 doloribus
748 904 808 958 et
853 898 1235 977 postmodum
1281 900 1556 980 prodest,
1611 899 1673 961 id
1720 909 1812 962 est
1858 901 2250 962 medicamen-

212 997 347 1050 tum
404 995 607 1049 ceroto
669 1006 743 1048 ex
787 986 1157 1048 malobathro
1205 988 1362 1049 facto
1409 988 1639 1051 duabus
1685 989 1957 1069 partibus
2001 991 2253 1051 mixtum

217 1084 280 1138 et
324 1084 517 1138 totum
557 1083 723 1137 extra
761 1076 1088 1154 inpositum
1126 1078 1187 1137 in
1225 1084 1434 1138 ventre
1472 1075 1798 1157 plurimum
1835 1079 2012 1140 iuvat.
2077 1078 2251 1139 Prae·

130 1185 189 1225 ιο
217 1176 385 1227 terea
440 1164 593 1226 bene
651 1165 794 1225 facit
848 1171 908 1225 et
962 1165 1035 1226 ad
1084 1165 1376 1227 stomachi
1421 1165 1786 1228 inflationem
1833 1174 1895 1228 et
1940 1167 2012 1228 ad
2060 1169 2253 1245 suspi-

214 1256 377 1316 rium
433 1262 493 1314 et
549 1253 621 1315 ad
677 1254 959 1314 iocineris
1015 1253 1278 1315 dolorem
1338 1262 1400 1315 et
1454 1255 1526 1316 ad
1583 1263 1810 1317 tussem
1869 1263 1930 1316 et
1984 1255 2056 1316 ad
2103 1274 2251 1317 uvae

216 1342 696 1405 destillationem.
778 1341 847 1402 In
902 1341 1014 1403 hac
1062 1344 1472 1421 conpositione
1518 1343 1744 1405 Acilius
1789 1343 2058 1424 Hyginus
2105 1344 2251 1424 Cap-

214 1431 412 1512 padox
459 1430 780 1509 chirurgus
825 1430 1046 1492 Romae
1100 1431 1245 1492 dicit
1292 1431 1519 1492 adiecta
1570 1435 1761 1493 casiae
1811 1432 2070 1513 fistulae,
2117 1435 2254 1512 apii,

216 1522 480 1582 cinnami
534 1521 698 1599 paria
756 1519 1017 1598 pondera
1074 1526 1136 1580 et
1179 1537 1288 1599 pro
1336 1522 1543 1599 pipere
1591 1521 1761 1600 nigro
1809 1520 2006 1583 album
2055 1529 2114 1582 et
2161 1539 2253 1581 ca-

32 1641 35 1644 ·
132 1628 188 1669 15
218 1611 410 1671 storei
455 1609 653 1669 minus
700 1615 928 1688 partem
975 1611 1215 1669 tertiam
1260 1609 1584 1692 victoriati,
1644 1609 1803 1689 quod
1850 1611 1935 1671 sic
1983 1611 2254 1688 conposi-

215 1707 350 1760 tum
405 1698 656 1759 mirifice
713 1697 855 1757 facit
909 1705 970 1758 et
1016 1693 1178 1778 (ad)
1228 1700 1534 1776 sanguinis
1591 1694 2086 1776 eruptionem‘de
2135 1707 2254 1759 sto·

216 1785 432 1850 macho
479 1794 782 1864 corrupto.

402 1874 598 1936 Colice
658 1874 906 1935 mirifica
962 1873 1098 1935 Iulii
1152 1873 1322 1934 Bassi
1376 1876 1495 1935 cito
1542 1873 1725 1955 levat,
1781 1873 1919 1934 dein
1965 1872 2121 1936 tollit
2165 1876 2250 1935 in-

218 1964 495 2026 flationes
533 1962 648 2024 coli
685 1971 745 2024 et
781 1965 974 2023 omnis
1011 1966 1200 2041 partis
1237 1964 1534 2043 corporis3
1571 1963 1713 2023 facit
1749 1971 1810 2024 et
1852 1961 1924 2023 ad
1964 1962 2253 2024 stomachi

133 2073 189 2112 so
217 2052 658 2115 imbecillitates
712 2058 774 2112 et
828 2052 900 2112 ad
957 2052 1381 2113 intestinorum
1437 2050 1659 2131 alioqui
1713 2050 2007 2133 dolorem,
2073 2069 2250 2131 quem

219 2135 435 2203 G'raeci
490 2139 801 2219 strophum
856 2140 1179 2222 appellant,
1234 2159 1306 2201 ex
1362 2158 1513 2219 aqua
1568 2140 1860 2220 hysopum
1908 2148 2009 2201 aut
2054 2149 2250 2201 rutam

218 2234 515 2293 incoctam
562 2227 835 2290 habente.
905 2227 1053 2290 Item
1089 2227 1242 2289 bene
1279 2229 1422 2290 facit
1458 2229 1531 2290 ad
1570 2231 1920 2309 sanguinem
1957 2236 2018 2289 et
2055 2248 2126 2290 ex
2162 2231 2251 2289 in·

217 2321 445 2381 teriore
492 2325 689 2398 parte3
736 2335 857 2401 non
903 2320 1063 2378 enim
1099 2320 1325 2396 patitur
1360 2316 1476 2379 late
1513 2319 1646 2379 fieri
1681 2337 1793 2379 nec
1832 2319 1995 2379 intus
2033 2317 2250 2379 vulnus

220 2409 510 2487 converti,
556 2405 662 2467 sed
709 2414 769 2467 et
815 2408 933 2467 cito
983 2408 1303 2485 supprimit
1348 2408 1697 2485 sanguinem
1736 2415 1798 2467 et
1834 2406 2052 2467 vulnus
2090 2409 2250 2484 cogit

132 2514 188 2555 25
220 2499 402 2558 coire.
472 2494 742 2555 Dandum
789 2502 986 2556 autem
1035 2493 1129 2555 his
1176 2494 1672 2556 medicamentum
1720 2513 1793 2555 ex
1840 2513 1989 2574 aqua
2027 2493 2252 2572 polium

220 2591 462 2647 coctum
500 2583 756 2644 habente
796 2591 899 2644 aut
937 2590 1150 2644 rutam.
1210 2582 1462 2643 Prodest
1491 2590 1552 2643 et
1578 2583 1922 2643 torminosis
1955 2589 2014 2644 et
2043 2583 2253 2644 coelia-

221 2676 312 2735 cis
360 2673 563 2733 datum
601 2691 673 2733 ex
711 2690 862 2752 aqua
901 2670 1328 2733 centunculum
1362 2670 1608 2732 herbam
1649 2674 1944 2732 incoctam
1979 2671 2255 2752 habente,

223 2779 403 2843 quam
451 2761 661 2822 Graeci
706 2759 1057 2839 gnaphalida
1104 2760 1335 2841 dicunt,
1390 2767 1494 2820 aut
1540 2762 1714 2821 etiam
1763 2760 1957 2821 sorbis
2003 2763 2254 2821 incoctis

223 2860 328 2913 aut
385 2850 624 2930 Syriaca
672 2849 904 2929 siliqua.
996 2849 1267 2910 Lienosis
1324 2848 1500 2909 datur
1556 2867 1628 2908 ex
1683 2848 1876 2909 mulso
1931 2848 2024 2908 vel
2078 2865 2253 2926 passo

407 3008 434 3056 1
475 2987 679 3057 mirrae
723 3003 788 3057 in
831 3017 1004 3071 maro.
1053 3002 1214 3066 add&
1268 3002 1387 3055 eius
1432 3001 1497 3055 in
1544 3001 1659 3056 loco
1705 3007 1785 3057 cst
1827 3002 1892 3056 in
1935 3005 2091 3056 textu
2139 3001 2256 3071 opii

221 3076 370 3145 quod
406 3074 592 3129 delevi.
685 3072 874 3143 spicae
900 3072 1066 3127 nardi
1092 3069 1319 3126 Indicae
1347 3072 1545 3127 unciae
1574 3074 1639 3127 in
1664 3089 1881 3128 raswra.
1984 3078 2018 3125 4
2046 3072 2252 3126 scoeni.

225 3151 257 3201 5
296 3144 789 3200 medicamentum.
928 3150 958 3200 7
997 3143 1267 3199 vocabula
1303 3143 1363 3197 id
1402 3146 1486 3198 est
1523 3149 1784 3213 corrupta
1820 3159 1930 3198 esse
1963 3143 2255 3211 videntum

221 3218 353 3286 fort.
391 3232 495 3272 scr.
533 3215 684 3270 idem
719 3216 866 3269 med.
1077 3218 1143 3267 10
1178 3212 1485 3269 inflatione.
1683 3221 1748 3268 12
1789 3212 2256 3282 conpositionem.

226 3294 293 3344 13
332 3286 501 3358 dicit]
536 3288 702 3343 verba
736 3302 877 3355 quae
911 3289 1215 3366 sequuntur
1250 3286 1478 3340 twrbata
1512 3301 1623 3340 esse
1657 3285 1927 3340 videntur.
2023 3290 2089 3338 16
2128 3300 2252 3338 eru-

222 3360 436 3447 ptione.
603 3363 670 3413 18
709 3357 895 3412 Colice
932 3354 1195 3426 mirifica]
1243 3356 1401 3411 Haec
1438 3357 1587 3411 Iulii
1621 3356 1793 3410 Bassi
1829 3356 1993 3410 colice
2027 3370 2141 3409 mm
2175 3359 2254 3409 est

221 3434 287 3487 in
331 3431 540 3497 codice,
593 3430 658 3483 in
703 3444 808 3498 quo
855 3427 1123 3484 vocabula
1167 3427 1236 3481 de
1284 3428 1574 3481 stomacho
1623 3427 1886 3494 corrupto
1934 3428 1986 3491 (ξ
2024 3430 2056 3479 5
2094 3427 2252 3505 extr.)

220 3502 432 3559 exciit
467 3502 810 3568 compositio,
852 3500 1013 3553 sudus
1049 3499 1274 3553 initium
1312 3502 1419 3553 est.-
1475 3497 1562 3551 Ad
1600 3494 1710 3551 coli
1749 3495 2000 3551 dolorem
2035 3493 2258 3550 faciunt

224 3573 320 3643 qni
365 3588 455 3627 em
495 3574 547 3642 (ξ
578 3571 651 3639 7).
