2575 4092
1140 269 1216 278 —
1313 233 1621 299 304—

369 412 520 474 aqua
575 393 863 474 admixta3
918 394 1128 456 eodem
1183 395 1361 456 modo
1409 395 1667 457 dandum
1716 404 1808 457 est
1853 404 1924 457 et.
1962 399 2067 476 eis,
2114 398 2219 476 qui
2271 414 2403 456 san-

367 484 610 562 guinem
655 500 765 563 per
810 484 1044 544 urinam
1091 484 1186 545 vel
1230 484 1425 545 alvum
1470 484 1757 566 reddunt,
1813 503 1927 546 nec
1972 487 2171 546 minus
2219 488 2404 545 etiam

369 571 744 652 mulieribus,
809 590 960 651 quae
1017 573 1207 634 fluore
1264 571 1719 652 sanguinolento
1772 574 2162 655 infestantur,
2219 592 2403 653 quem

369 659 528 721 rhun
574 660 860 740 erythron
906 662 1120 723 Graeci
1163 662 1390 743 dicunt,
1435 661 1529 723 vel
1576 680 1726 741 quae
1773 680 1846 723 ex
1892 671 2069 741 partu
2109 662 2402 724 abortuve

367 748 643 810 residuos
690 749 895 811 vulvae
943 749 1178 812 dolores
1223 750 1472 834 habent,
1519 759 1580 811 et
1624 753 1687 811 in
1734 759 1944 833 totum,
1992 751 2211 831 quibus
2263 769 2401 829 sup·
2424 769 2447 809 5

368 837 718 916 primendus
774 848 868 901 est
921 839 1077 901 fluor
1130 847 1234 901 aut
1278 859 1351 901 ex
1399 838 1591 920 aliqua
1638 847 1807 921 parte
1855 843 2125 919 corporis
2172 840 2400 901 inflatio

369 926 643 989 tollenda.
717 926 954 1007 Recipit
998 937 1197 989 autem
1242 928 1416 990 haec:
1465 928 1675 1009 Spicae
1722 928 1910 1009 nardi,
1957 932 2127 1011 costi,
2172 931 2399 1009 piperis

369 1014 513 1098 albi,
564 1018 791 1095 piperis
836 1019 1012 1097 nigri,
1057 1020 1284 1096 piperis
1330 1017 1511 1099 longi,
1559 1036 1808 1100 myrrae,
1855 1020 1993 1099 opii,
2037 1018 2399 1098 Apollinaris

368 1103 607 1185 radiciS,
652 1106 929 1185 cinnami,
975 1108 1149 1185 asari,
1196 1108 1376 1188 acori,
1423 1108 1594 1187 turis,
1641 1106 1939 1167 brassicae
1987 1109 2232 1168 seminis
2241 1156 2260 1188 ,
2308 1125 2399 1167 ca-

369 1195 580 1273 storei,
635 1192 1004 1271 singulorum
1061 1193 1340 1255 denarios
1395 1193 1531 1276 XII,
1586 1198 1945 1274 opopanacis
1999 1194 2051 1255 X
2105 1195 2187 1277 X,
2245 1205 2400 1258 stoe-
2423 1212 2463 1250 ιο

367 1279 601 1361 chadiS,
665 1280 866 1363 dauci,
931 1300 1161 1364 ameOS,
1224 1283 1597 1362 singulorum
1657 1283 1933 1345 denarios
1994 1282 2206 1366 XVIII,
2273 1284 2399 1345 silis

368 1367 588 1430 Cretici
643 1368 695 1429 X
743 1368 987 1453 xx1m;
1043 1372 1215 1432 melle
1271 1372 1470 1434 Attico
1525 1371 1672 1433 haec
1728 1375 2111 1452 excipiuntur
2167 1392 2236 1434 ac
2293 1376 2399 1434 mi·

369 1465 630 1519 scentur.
712 1458 899 1520 Datur
943 1479 1063 1521 non
1109 1461 1244 1540 plus
1294 1479 1471 1542 quam
1518 1461 1747 1522 denarii
1790 1462 2024 1541 pondus
2071 1470 2176 1523 aut
2214 1465 2398 1523 victo-

367 1548 503 1607 riati
510 1568 531 1628 3
578 1549 814 1631 ceteriS,
861 1558 1041 1629 prout
1086 1552 1380 1629 cuiusque
1429 1552 1587 1611 vires
1624 1549 2030 1631 postulabunt,
2076 1551 2397 1613 dummodo

367 1635 522 1697 intra
558 1635 671 1697 hoc
708 1638 962 1719 ponduS,
1000 1656 1072 1698 ex
1110 1657 1297 1718 aquae
1335 1638 1556 1700 calidae
1591 1638 1820 1718 cyathis
1847 1639 2042 1700 tribus
2067 1642 2131 1700 in
2159 1648 2399 1701 noctem
2422 1655 2466 1694 1⁵

369 1724 700 1786 secundum
756 1744 981 1788 cenam.
1071 1727 1232 1789 Haec
1287 1731 1451 1807 potio
1509 1729 1684 1788 etiam
1741 1728 2219 1790 febricitantibus
2268 1737 2397 1790 tuto

370 1810 562 1893 datur,
608 1832 818 1875 verum
865 1815 1139 1877 coeliacis
1177 1819 1239 1877 in
1280 1819 1412 1895 ipso
1451 1815 1655 1877 dolore
1691 1817 1955 1894 prodest.
2018 1816 2222 1879 Vitreo
2263 1836 2398 1879 vase

369 1900 481 1961 sub
528 1903 851 1984 signaculo,
897 1911 966 1965 ut
1010 1907 1195 1965 moris
1242 1912 1353 1987 est,
1400 1913 1686 1966 servatur.

545 1990 635 2051 Ad
674 1991 790 2053 coli
825 1992 1092 2055 dolorem
1127 1994 1356 2056 faciunt
1389 1993 1628 2074 quidem
1660 1995 1908 2056 mirifice
1938 2013 2088 2074 quae
2118 1997 2397 2076 superius

366 2080 560 2157 posita
589 2089 746 2161 sunt,
775 2080 880 2142 sed
910 2090 978 2143 ut
1005 2091 1204 2143 cetera
1232 2083 1661 2144 medicamenta
1690 2085 1753 2143 in
1782 2084 1912 2144 aliis
1938 2085 2101 2144 vitiis
2129 2083 2400 2145 dolorem
2422 2100 2471 2139 πο

367 2166 564 2228 levant
598 2171 893 2251 protinuS,
929 2171 1013 2230 ita
1048 2170 1180 2254 hoc,
1219 2172 1378 2251 quod
1417 2172 1690 2233 dicturus
1728 2190 1881 2253 sum,
1922 2190 2104 2251 supra
2139 2172 2400 2233 hominis

369 2263 430 2316 et
476 2272 642 2333 spem
690 2266 751 2319 et
796 2258 1207 2320 condicionem
1251 2261 1389 2322 ilico
1426 2261 1674 2341 prodest
1716 2261 1971 2342 ideoque
2016 2264 2212 2340 primo
2252 2269 2399 2323 tem·

367 2361 514 2422 pore
559 2363 635 2405 ne
682 2345 831 2407 fides
878 2348 1120 2427 quidem
1164 2349 1421 2412 habetur
1467 2351 1708 2411 effectui
1745 2352 1894 2431 eius,
1936 2358 2146 2429 postea
2184 2369 2330 2412 vero
2366 2369 2399 2411 a

368 2430 532 2492 nullo
562 2435 706 2495 satis
734 2434 912 2515 digne
940 2436 1169 2499 laudari
1195 2446 1421 2520 potest;
1458 2457 1596 2500 nam
1624 2441 1773 2500 etin
1801 2441 2103 2518 praesenti
2131 2439 2399 2500 dolorem

367 2520 524 2583 tollit
568 2531 628 2584 et
673 2526 737 2585 iu
783 2525 1053 2587 futurum
1100 2529 1414 2608 remediat,
1470 2546 1546 2588 ne
1602 2546 1884 2607 umquam
1931 2528 2100 2589 dolor
2145 2536 2395 2607 repetat.
2423 2541 2469 2582 25

368 2609 523 2670 Raro
571 2614 729 2673 enim
773 2615 907 2693 quis
944 2617 1163 2677 iterum
1202 2614 1314 2677 aut‘
1342 2624 1410 2677 ut
1448 2634 1746 2677 summum
1783 2618 1962 2677 tertio
2001 2625 2247 2695 accepto
2287 2616 2399 2677 hoc

367 2698 801 2763 medicamento
848 2713 1092 2765 vexatus
1134 2713 1255 2786 est;
1303 2705 1687 2786 quamobrem
1726 2706 1778 2765 si
1816 2705 2050 2785 quando
2088 2708 2400 2784 repetierit

366 2789 588 2850 iterum
635 2790 822 2873 dolor,
871 2793 1094 2854 dandae
1141 2802 1321 2855 erunt
1365 2813 1475 2873 per
1522 2793 1789 2855 triduum
1834 2800 1894 2855 et
1938 2801 2086 2855 tunc
2123 2797 2397 2874 potiones

369 2877 577 2939 eodem
632 2879 838 2961 modo,
892 2900 1009 2961 quo
1066 2891 1126 2943 et
1180 2885 1376 2961 primo
1434 2882 1603 2944 datae
1660 2883 1899 2945 fuerint.
1984 2883 2293 2945 Interdum
2339 2890 2398 2944 et

368 2968 430 3025 in
487 2970 665 3028 tertio
722 2969 926 3030 dolore
984 2971 1194 3032 eodem
1249 2990 1469 3051 genere
1525 2973 1798 3051 potiones
1854 2971 2186 3053 dabuntur,
2239 2971 2395 3050 quod
2419 2985 2466 3026 ω

368 3072 505 3114 raro
553 3057 792 3135 quidem
840 3060 1088 3142 accidet,
1139 3067 1208 3121 ut
1251 3068 1391 3140 post
1428 3062 1679 3140 primam
1716 3063 2021 3139 potionem
2058 3059 2229 3121 dolor
2267 3060 2395 3120 red-

369 3151 490 3225 eat3
556 3145 661 3205 sed
718 3147 772 3206 si
825 3147 1177 3211 admonente
1233 3167 1412 3210 causa
1470 3150 1690 3209 iterum
1751 3156 1931 3228 atque
1987 3151 2210 3210 iterum
2266 3149 2398 3210 data

368 3231 577 3314 fuerit,
630 3235 692 3295 in
753 3234 1023 3297 futurum
1080 3256 1319 3318 quoque
1377 3240 1460 3298 ita
1515 3236 1893 3319 remediabit,
1947 3245 2019 3298 ut
2071 3255 2147 3298 ne
2209 3239 2396 3318 suspi-

371 3321 462 3381 cio
519 3323 761 3402 quidem
820 3323 936 3386 ulla
980 3325 1122 3387 huic
1167 3328 1311 3387 vitio
1358 3325 1759 3407 relinquatur3
1816 3326 1868 3386 si
1914 3325 2149 3405 quando
2198 3333 2396 3387 tamen

511 3533 580 3582 23
615 3529 714 3601 ne]
751 3547 872 3585 nec.
1081 3533 1311 3601 quidem
1347 3549 1447 3589 om.
1614 3529 1841 3588 effectui
1875 3532 2107 3603 scripsi.-
2141 3530 2397 3588 effectus.

370 3599 437 3649 27
476 3598 963 3657 medicamentum.
1109 3608 1178 3659 28
1218 3603 1419 3658 danda..
