2575 4092
1094 238 1582 303 ..342-

326 410 560 463 mentae
609 402 741 463 suci
786 400 993 463 viridis
1043 393 1121 489 ,91
1159 400 1259 484 Vl,
1319 401 1743 481 staphisagriae
1793 392 1872 485 ,9-
1910 398 2012 479 vl,
2068 400 2179 459 iris
2226 398 2365 479 llly-

326 492 485 551 ricae
527 483 606 576 ,9⁶
646 489 738 571 Vl,
785 489 1061 552 aluminis
1100 491 1273 553 scissi
1312 483 1391 576 ,9-
1430 488 1522 570 VI,
1567 507 1802 568 myrrae
1841 481 1920 574 ,9-
1963 487 2064 569 111,
2109 490 2366 549 seminis

325 579 545 640 herbae
593 579 1045 659 symphoniacae
1094 581 1283 641 siccae
1325 570 1403 666 ,91
1442 578 1538 639 ΙΙΙ.
1600 577 1759 639 Haec
1799 579 1996 638 omnia
2034 580 2363 658 separatim

325 670 468 728 trita
523 668 702 729 simul
756 668 1038 730 miscebis
1093 677 1153 730 et
1207 672 1428 730 iterum
1485 666 1665 728 simul
1707 675 1895 748 teres3
1950 666 2089 728 inde
2137 667 2362 747 empla-

326 764 517 817 strum
565 757 748 818 facies
795 757 886 818 vel
934 759 1246 839 pittacium
1304 765 1365 818 et
1419 774 1607 836 pones
1661 758 1724 817 in
1771 756 1969 817 dextri
2011 756 2184 836 pedis
2228 756 2360 837 pol·
2389 775 2418 816 5

323 844 456 926 lice,
501 864 637 906 cum
685 848 773 907 uti
811 846 1070 908 volueris
1108 864 1344 927 venere,
1392 853 1453 906 et
1499 863 1634 907 cum
1677 863 1915 907 cessare
1952 845 2233 926 volueris,
2285 845 2356 906 ad

324 935 556 996 sinistri
602 935 771 1014 pedis
819 935 1091 1014 pollicem
1140 936 1486 996 transferes.

252 1036 284 1084 9
500 1022 589 1084 Ad
645 1026 942 1103 cepariam
998 1027 1292 1085 satureiae
1348 1026 1540 1084 siccae
1595 1022 1807 1084 florem
1861 1022 2069 1103 collige
2116 1031 2178 1084 et
2219 1023 2356 1104 pul·

322 1130 521 1173 verem
571 1112 709 1173 inde
760 1112 937 1173 facito
981 1119 1041 1173 et
1078 1111 1407 1173 melilotum
1446 1111 1730 1173 combure
1770 1120 1831 1173 et
1867 1112 2172 1191 pulverem
2208 1113 2354 1174 inde

322 1201 525 1281 facit03
574 1200 848 1261 similiter
894 1200 968 1260 de
1015 1200 1279 1281 cydoneo
1329 1203 1489 1262 sicco
1536 1200 1869 1282 combusto,
1913 1203 2090 1262 etiam
2137 1201 2210 1261 de
2261 1220 2353 1283 eo,
2385 1219 2441 1259 10

322 1292 425 1368 qui
479 1291 542 1349 in
597 1288 808 1349 arbore
866 1287 1017 1350 solet
1073 1291 1270 1350 siccus
1327 1307 1664 1370 remanere,
1711 1289 2016 1368 pulverem
2064 1289 2241 1350 facito
2294 1300 2356 1352 et

321 1376 567 1437 cribello
613 1377 952 1439 medicinali
996 1396 1234 1439 omnem
1281 1378 1588 1458 pulverem
1634 1397 1815 1439 cerne
1857 1387 1919 1439 et
1952 1381 2248 1458 permisce
2291 1387 2353 1440 et

322 1484 459 1527 cum
507 1467 643 1526 vino
689 1474 889 1527 vetere
938 1466 1221 1528 calefacto
1268 1466 1467 1529 locum
1513 1466 1725 1549 inline,
1772 1469 1952 1529 etiam
1997 1467 2178 1529 linteo
2223 1467 2351 1529 illic

321 1556 592 1635 adposito
640 1563 799 1636 tege,
849 1557 930 1616 ita
980 1564 1195 1637 tamen,
1242 1565 1312 1618 ut
1357 1556 1506 1617 duae
1553 1563 1755 1634 partes
1802 1558 1924 1617 sint
1967 1556 2041 1617 de
2088 1559 2352 1618 satureia

320 1652 380 1705 et
435 1643 698 1724 singulae
755 1645 827 1706 de
884 1644 1144 1706 meliloto
1203 1653 1263 1706 et
1321 1645 1612 1726 cydone03
1671 1645 1774 1706 sed
1833 1647 2107 1724 quotiens
2160 1645 2349 1707 medi·
2379 1663 2434 1704 ιε

320 1750 528 1793 camen
574 1750 782 1814 pones,
827 1736 963 1795 vino
1010 1741 1212 1795 vetere
1258 1733 1450 1795 calido
1498 1736 1667 1812 prius
1712 1733 1911 1795 locum
1957 1733 2108 1795 elue.

215 1831 282 1881 10
496 1821 755 1901 Myrram
782 1824 842 1883 in
873 1821 1181 1901 pulverem
1210 1822 1698 1884 delicatissimum
1727 1823 1931 1901 redige
1960 1831 2021 1883 et
2048 1823 2119 1884 ad
2147 1821 2350 1884 locum

318 1911 588 1991 cepariae
636 1911 881 1972 adsidue
929 1929 1067 1973 cum
1114 1913 1250 1972 vino
1298 1920 1497 1972 vetere
1544 1930 1727 1992 pone,
1772 1915 1924 1973 mire
1971 1911 2349 1973 remediabis.

215 2009 278 2058 11
497 1998 586 2060 Ad
644 2000 936 2061 infantum
991 2000 1301 2062 testiculos
1358 2001 1603 2061 vitiosos
1659 2000 1750 2061 vel
1808 2008 2107 2062 tumentes
2154 2018 2348 2061 reme-

319 2088 483 2149 dium
531 2089 739 2149 efficax
786 2090 901 2150 sic:
947 2090 1255 2170 Araneam‚
1303 2106 1454 2168 quae
1499 2106 1611 2167 per
1655 2088 1819 2150 filum
1867 2107 2041 2150 suum
2081 2107 2146 2149 se
2185 2108 2345 2150 sum·
2374 2106 2430 2147 ao

316 2178 519 2258 mittit,
550 2177 784 2256 quando
815 2195 1054 2238 sursum
1083 2196 1293 2239 versus
1323 2179 1531 2258 currit,
1559 2195 1701 2257 rape
1731 2186 1792 2239 et
1819 2196 1956 2240 cum
1986 2196 2136 2256 aqua
2157 2177 2348 2240 calida

316 2266 518 2325 tritam
566 2267 851 2326 continuo
898 2265 970 2325 da
1018 2266 1228 2327 infanti
1273 2266 1606 2328 bibendam.

212 2365 278 2413 12
493 2353 582 2414 Ad
639 2353 1060 2415 abundantiam
1126 2358 1369 2417 seminis
1427 2355 1892 2435 praeparandam
1947 2374 2188 2417 erucam
2245 2356 2346 2417 de·

316 2449 545 2504 coctam
591 2441 773 2524 bibat,
820 2445 1099 2523 quotiens
1146 2446 1402 2524 quisque
1448 2446 1648 2522 inopia
1686 2446 1930 2505 seminis
1969 2462 2034 2505 se
2071 2444 2344 2506 laborare

315 2533 705 2612 perspexerit,
751 2532 842 2592 vel
890 2535 1091 2613 potius
1138 2533 1384 2594 adsidue
1430 2535 1724 2594 incoctam
1770 2532 2104 2596 manducet.
2371 2550 2425 2591 25

212 2631 277 2681 13
493 2620 581 2682 Ad
619 2623 841 2682 veretri
881 2640 1085 2683 curam
1124 2624 1628 2701 auripigmentum
1666 2629 1726 2682 et
1763 2620 1931 2682 aloen
1962 2625 2168 2702 aequis
2198 2641 2343 2704 pon·

315 2709 560 2771 deribus
606 2713 815 2771 tritum
854 2719 913 2772 et
949 2713 1012 2772 in
1047 2710 1354 2790 pulverem
1392 2710 1701 2771 redactum
1737 2710 2016 2772 miscebis
2054 2719 2116 2772 et
2151 2714 2344 2773 uteris

319 2817 455 2860 cum
502 2801 639 2861 vino
691 2807 889 2861 vetere
937 2802 1035 2878 ita,
1083 2808 1150 2861 ut
1195 2803 1364 2879 prius
1411 2807 1711 2860 veretrum
1759 2801 1897 2860 vino
1935 2807 2138 2861 vetere
2182 2801 2342 2862 eluas

212 2899 279 2948 14
320 2897 378 2950 et
418 2891 504 2951 sic
542 2888 931 2950 medicamine
968 2906 1347 2967 conspergaS.
1411 2887 1499 2948 Ad
1538 2890 1758 2949 veretri
1795 2887 2059 2950 dolorem
2099 2908 2341 2950 caseum

315 2980 625 3056 caprinum
673 2984 731 3037 et
777 2976 896 3038 mel
940 2979 1071 3056 pari
1115 2977 1381 3056 pondere
1429 2979 1491 3037 in
1535 2976 1793 3058 pultario
1839 2976 2008 3039 fictili
2044 2996 2239 3058 coque
2281 2987 2341 3039 et
2365 2993 2418 3034 ao

315 3065 407 3126 bis
468 3065 539 3126 ad
598 3065 753 3126 diem
815 3068 1081 3148 impone,
1148 3066 1252 3126 sed
1314 3074 1449 3127 ante
1504 3068 1640 3126 vino
1696 3074 1898 3127 vetere
1954 3065 2179 3147 locum,
2238 3069 2341 3147 qui

210 3166 274 3217 15
315 3154 618 3215 curandus
665 3161 786 3233 est,
832 3154 1012 3216 eluas,
1095 3153 1257 3216 Folia
1303 3157 1480 3235 myrti
1524 3156 1762 3216 ieiunus
1809 3156 2235 3230 commanduca
2282 3164 2342 3217 et

311 3246 373 3304 in
421 3244 623 3306 ulcera
669 3246 889 3305 veretri
935 3261 1145 3325 expue‚
1193 3246 1392 3305 statim
1438 3244 1722 3323 proderit.

206 3344 271 3395 16
457 3332 575 3393 -Ad
627 3340 894 3394 tumores
940 3341 1002 3394 et
1048 3331 1282 3394 dolores
1331 3332 1743 3394 testiculorum
1789 3332 2055 3394 brassica
2099 3336 2335 3396 incocta

309 3440 446 3483 cum
485 3421 605 3482 sale
643 3423 783 3482 trita
820 3423 1214 3503 impositaque
1253 3420 1539 3504 prodesse
1576 3420 1947 3504 adfirmatur3
1993 3426 2332 3502 pastinacae
2359 3437 2409 3479 ³5

488 3614 558 3662 34
597 3560 878 3680 brassica-J
907 3610 976 3678 cf.
1010 3610 1164 3666 Ptin.
1195 3628 1253 3668 n.
1280 3611 1331 3666 h.
1362 3616 1448 3679 20,
1476 3615 1561 3665 89.
