2575 4092
1008 283 1086 295 -
1186 247 1488 313 103-

230 414 361 473 sine
399 410 773 472 dubitatione
810 409 1057 470 sanabit.
1133 409 1344 471 Salicis
1381 428 1565 471 sucus
1603 409 1878 471 foliorum
1918 428 2054 471 cum
2091 427 2262 472 rosae
2301 424 2370 474 86

229 519 376 562 suco
425 510 528 561 aut
574 516 818 560 rosaceo
864 498 995 559 oleo
1042 501 1105 559 in
1152 501 1376 560 cortice
1422 498 1561 560 mali
1598 498 1807 560 Punici
1844 498 2165 561 calefactus
2203 507 2265 560 et

181 661 194 670 .
228 589 535 650 auriculae
571 588 800 649 inditus
835 589 988 649 mire
1034 590 1352 649 succurrit.
1435 587 1632 649 Gallae
1678 606 1751 649 ex
1798 589 1934 649 vino
1981 588 2261 650 decoctae
2299 601 2368 652 8‘1

230 697 408 739 umor
450 677 774 739 instillatus
818 675 1137 757 auriculae,
1183 695 1256 737 ex
1304 695 1420 756 qua
1467 678 1662 737 sanies
1699 676 1849 755 fluit,
1895 679 2071 739 etiam
2111 695 2263 757 quae

168 782 200 823 5
229 769 458 828 fuerint
520 765 840 845 purulenta
894 765 1189 845 purgabit.
1280 764 1501 826 Resina
1558 764 1959 826 terebinthina
2012 769 2262 827 remissa
2300 778 2369 828 88

230 856 463 916 adiecto
521 853 798 916 muliebri
851 853 1004 915 lacte
1059 853 1342 915 instillata
1389 863 1596 933 ruptas
1642 853 1939 915 auriculas
1985 863 2263 933 potenter

230 953 418 1006 sanat.
508 943 695 1004 Nucis
748 942 1041 1022 iuglandis
1097 942 1374 1004 foliorum
1432 961 1614 1004 sucus
1662 942 1898 1022 tepidus
1943 942 2262 1005 instillatus
2299 956 2367 1007 89

227 1033 457 1094 dolenti
510 1031 812 1094 auriculae
863 1033 1017 1092 mire
1071 1031 1356 1110 proderit.
1447 1031 1679 1112 Myrrae
1738 1033 1912 1092 tritae
1966 1033 2262 1094 victoriati
2299 1046 2368 1096 9ο

227 1123 500 1201 argentei
553 1121 788 1200 pondus
843 1131 905 1181 et
959 1120 1124 1181 lanae
1179 1120 1420 1181 sucidae
1475 1138 1596 1181 non
1650 1127 1889 1200 carptae
1936 1120 2262 1183 conbustae

143 1226 203 1266 ιο
232 1211 497 1290 pulveris
534 1210 885 1271 tantundem
924 1211 1125 1270 infuso
1158 1227 1335 1287 passo
1364 1209 1599 1271 Cretico
1636 1209 1812 1270 simul
1848 1212 2042 1292 terito,
2071 1210 2262 1272 donec

227 1299 302 1360 ad
332 1299 791 1361 crassitudinem
821 1297 1011 1359 mellis
1040 1298 1304 1380 redigas3
1331 1306 1458 1359 tum
1486 1298 1838 1360 calefactum
1862 1317 1971 1379 per
1994 1299 2261 1361 triduum

229 1388 533 1450 auriculae
579 1387 896 1469 infundito,
943 1394 1152 1467 quarta
1199 1387 1296 1448 die
1343 1405 1545 1449 sanam
1591 1387 1818 1449 efficies
1864 1397 1926 1449 et
1966 1387 2260 1450 mtrabere

227 1495 509 1556 magnum
564 1476 912 1537 remedium.
1004 1474 1184 1537 Turis
1252 1475 1534 1556 masculi,
1596 1493 1826 1556 myrrae
1892 1475 2262 1558 troglodytis,
2297 1490 2364 1541 91

228 1568 395 1627 croci
441 1565 676 1645 Corycii
721 1564 1068 1626 tantundem
1116 1565 1427 1646 ponderis,
1483 1582 1706 1625 nucum
1754 1582 1991 1644 quoque
2038 1582 2259 1625 amara·

143 1668 200 1710 15
227 1673 366 1716 rum
403 1654 751 1715 tantundem
788 1653 1096 1735 miscebis3
1142 1653 1244 1714 sed
1291 1654 1486 1713 omnia
1524 1652 1595 1713 ad
1634 1670 1927 1713 summam
1963 1652 2262 1714 levitatem

229 1746 489 1804 contrita
526 1743 756 1804 adiecto
784 1749 953 1803 aceto
981 1741 1361 1821 temperabis,
1398 1745 1479 1802 ita
1509 1749 1577 1803 ut
1606 1741 1972 1802 medicamen
2001 1741 2073 1802 ad
2103 1758 2262 1802 cras·

229 1832 554 1893 situdinem
610 1831 823 1911 liquidi
876 1830 1069 1893 mellis
1118 1831 1407 1912 adducas3
1459 1838 1587 1890 tum
1642 1832 1702 1890 in
1750 1829 2027 1909 pyxidem
2074 1829 2262 1909 plum·

227 1921 403 1982 beam
441 1920 790 1982 transfunde
827 1927 1005 2000 atque
1040 1919 1162 1981 illic
1200 1919 1314 1981 sub
1351 1918 1656 1999 signaculo
1695 1918 2000 1980 conditum
2027 1918 2261 1981 habeto.

230 2010 381 2071 Cum
428 2028 580 2088 opus
628 2010 825 2089 fuerit,
870 2016 1120 2089 purgata
1166 2010 1336 2087 prius
1383 2006 1647 2070 auricula
1694 2016 1891 2086 utere,
1948 2008 2028 2068 ita
2078 2015 2145 2068 ut
2189 2027 2262 2069 ex

141 2112 201 2152 ²⁰
228 2118 304 2160 eo
358 2098 617 2159 lanulam
672 2096 1059 2158 madefactam
1124 2099 1372 2158 inseras.
1472 2095 1598 2158 Hoc
1657 2095 1877 2158 auxilio
1938 2114 2129 2176 usque
2186 2096 2258 2159 ad

228 2189 557 2267 perfectam
611 2188 925 2248 sanitatem
981 2189 1071 2246 uti
1116 2189 1370 2268 poteris3
1426 2204 1682 2265 namque
1738 2204 1856 2246 non
1913 2185 2102 2247 solum
2161 2186 2261 2247 do-

228 2277 390 2337 lores
443 2278 706 2356 aurium,
761 2275 867 2335 sed
924 2285 986 2336 et
1041 2282 1242 2335 vetera
1299 2284 1359 2336 et
1412 2274 1730 2355 purulenta
1776 2276 1918 2336 vitia
1972 2277 2260 2356 potentis·

228 2368 380 2426 sime
427 2372 717 2444 expurgat
771 2374 832 2425 et
877 2371 1061 2424 sanat.
1153 2361 1480 2424 Galbanum
1527 2381 1663 2424 rosa
1715 2363 1939 2442 liquida
1995 2371 2097 2425 aut
2150 2382 2258 2425 un·
2296 2376 2365 2427 92

227 2461 452 2533 guento
508 2453 757 2514 nardino
804 2452 1135 2514 delibutum
1185 2450 1656 2532 instillatumque
1711 2452 1977 2513 dolorem
2024 2455 2260 2514 aurium

142 2554 200 2596 2⁵
226 2543 393 2604 lenit.
484 2542 734 2602 Alumen
792 2540 984 2603 mulso
1037 2543 1260 2621 optimo
1316 2540 1571 2602 dilutum
1627 2549 1688 2601 et
1731 2540 1862 2601 lana
1907 2540 2258 2602 instillatum
2296 2553 2364 2604 93

226 2631 497 2693 dolorem
542 2634 776 2691 aurium
825 2638 1008 2691 sanat.
1082 2628 1344 2690 Gallinae
1390 2628 1572 2708 adeps
1611 2628 1925 2708 liquefacta
1963 2638 2025 2691 et
2061 2630 2259 2709 tepide
2295 2642 2365 2693 94

225 2720 512 2782 instillata
568 2719 874 2799 quodlibet
926 2721 1137 2780 vitium
1191 2721 1426 2780 aurium
1482 2726 1667 2780 sanat.
1759 2717 1907 2780 Galli
1952 2718 2261 2797 gallinacei
2296 2732 2366 2782 95

227 2828 303 2871 ex
348 2807 681 2874 ventriculo
726 2809 1012 2869 interiore
1058 2807 1428 2887 membrana,
1476 2825 1626 2887 quae
1671 2809 1862 2885 proici
1909 2807 2085 2888 solet,
2133 2826 2259 2868 are-

226 2901 384 2960 facta
429 2900 690 2977 tritaque
737 2916 810 2959 ex
855 2900 992 2958 vino
1039 2897 1270 2957 adiecto
1317 2895 1555 2975 paululo
1594 2898 1718 2975 opii
1754 2894 2119 2957 medicamen
2158 2914 2258 2957 au·

145 2999 201 3040 ⁸0
227 2987 400 3048 ribus
456 2986 839 3047 utilissimum
890 2985 1058 3067 facit,
1114 2985 1272 3064 quod
1329 2984 1677 3046 calefactum
1724 2985 1989 3046 infusum
2037 3003 2258 3064 suppu-

226 3078 521 3137 rationem
586 3077 715 3135 eius
780 3082 1068 3155 expurgat
1131 3082 1193 3135 et
1256 3081 1443 3135 sanat.
1533 3074 1728 3154 Adeps
1789 3076 2062 3135 anserina
2119 3093 2258 3136 cum
2294 3088 2363 3138 96

228 3167 395 3226 croci
440 3181 586 3225 suco
632 3166 814 3225 mixta
862 3171 924 3224 et
968 3162 1259 3244 tepefacta
1308 3181 1378 3223 ac
1424 3164 1510 3223 sic
1556 3162 1752 3224 infusa
1790 3181 2000 3242 aquam
2039 3172 2100 3225 et
2137 3182 2258 3224 om-

227 3272 369 3315 nem
423 3270 695 3314 umorem
752 3253 824 3313 de
881 3251 1165 3313 auriculis
1220 3259 1426 3313 evocat
1480 3259 1542 3313 et
1595 3261 1890 3332 persanat.
1981 3252 2152 3323 Quod
2205 3253 2258 3312 si

228 3362 300 3403 ex
366 3345 491 3403 ictu
556 3341 742 3403 aliove
796 3359 940 3403 casu
997 3341 1261 3402 auricula
1316 3342 1519 3401 vitiata
1573 3341 1780 3422 fuerit,
1844 3349 1972 3402 tum
2027 3358 2137 3419 per
2191 3357 2257 3401 se

372 3555 405 3604 3
442 3547 672 3604 inditur.
782 3554 814 3603 ὅ
850 3546 1221 3603 terebentina.
1336 3552 1366 3601 7
1405 3546 1575 3600 nocis.
1696 3550 1728 3599 8
1768 3545 1969 3599 min-ae
2004 3546 2132 3599 item
2171 3550 2253 3600 13.

229 3626 298 3675 1-3
316 3618 655 3677 trocloditis.
748 3625 813 3675 18
833 3620 1081 3675 contum.
1163 3623 1233 3673 24
1253 3616 1497 3671 dilutum
1520 3616 1838 3671 Carnarius.
1912 3620 1980 3671 29
2009 3614 2256 3685 paulolo.
