2575 4092
1112 225 1588 289 -282-

342 388 560 448 veteris
614 389 778 467 puri,
835 387 888 446 si
941 403 1061 446 non
1107 385 1495 466 febricitabit,
1552 385 1914 465 dysinterico
1962 384 2149 465 dabit3
2210 385 2373 465 quod

343 477 395 536 si
439 474 767 554 inaequalis
813 475 1012 555 suerit,
1057 476 1122 535 in
1170 474 1370 535 caldae
1417 492 1604 553 aquae
1651 476 1891 554 potione
1937 476 2207 553 accipiet.

235 574 304 623 44
517 563 753 624 Fimum
807 562 1160 624 caballinum
1216 562 1516 623 conbures
1572 570 1635 623 et
1689 565 1952 624 cinerem
2000 563 2127 623 fimi
2170 564 2374 642 ipsum

231 693 241 702 -
341 670 477 713 cum
524 654 661 713 vino
709 660 910 713 vetere
956 650 1235 713 miscebis
1286 659 1349 712 et
1393 659 1670 713 conteres
1716 658 1777 712 et
1823 653 1909 712 sic
1955 649 2124 711 dabis
2170 651 2373 731 dysin·

340 742 528 802 terico
574 739 900 802 bibendum
947 742 1074 801 sine
1122 758 1292 819 aqua,
1340 742 1391 800 si
1437 758 1559 801 non
1604 739 1983 801 febricitabit.
2397 763 2422 805 ⁵

234 841 302 890 45
518 829 811 891 Aluminis
839 829 1048 890 schisti
1078 821 1286 914 21111
1315 847 1451 890 cum
1480 830 1635 889 aceti
1662 827 2019 890 cocliaribus
2043 826 2124 888 111
2154 830 2369 889 misce·

340 916 432 978 bis
479 926 541 979 et
586 925 747 979 teres
789 926 850 979 et
886 917 1108 979 colabis
1146 925 1206 978 et
1241 917 1511 996 tepidum
1548 935 1686 977 cum
1724 935 1909 996 aquae
1946 916 2126 995 duplo
2167 916 2372 997 dysin·

339 1008 527 1067 terico
574 1006 742 1068 dabis
786 1006 1128 1067 bibendum.

233 1106 302 1158 46
515 1094 820 1156 Pumicem
874 1094 1137 1175 mollem,
1193 1093 1483 1172 sfongiam
1538 1092 1612 1154 de
1668 1093 1932 1173 qualibet
1986 1111 2121 1153 rosa
2167 1112 2369 1177 unam,

340 1182 550 1262 gallam
586 1201 763 1243 unam
803 1184 1002 1262 semiS,
1040 1184 1282 1242 corticis
1321 1184 1511 1243 siccae
1549 1182 1622 1242 de
1659 1182 1814 1242 malo
1853 1190 2096 1261 granato
2129 1174 2209 1267 ,9ο
2238 1182 2367 1263 ΙΙΠ,
2395 1208 2445 1247 ιο

337 1273 563 1350 piperis
618 1289 800 1349 grana
856 1269 1116 1330 XLVIIII
1171 1270 1620 1349 diligentissime
1680 1278 1843 1331 teres
1906 1278 1967 1331 et
2032 1289 2168 1331 cum
2225 1273 2365 1332 vino

338 1366 539 1420 vetere
593 1358 982 1438 permiscebis
1035 1366 1097 1420 et
1151 1358 1419 1438 pastillos
1474 1358 1749 1438 aequales
1813 1359 1953 1419 inde
2017 1359 2227 1440 facieS,
2295 1368 2368 1421 ut

338 1466 475 1509 cum
522 1466 673 1527 opus
720 1447 902 1509 fuerit
948 1447 1168 1526 singuli
1212 1450 1274 1507 in
1320 1449 1444 1508 vini
1490 1449 1709 1508 veteris
1755 1447 1994 1507 hemina
2042 1447 2223 1509 soluti
2260 1447 2365 1528 dy·

338 1538 620 1598 sinterico
666 1555 776 1615 per
820 1537 1086 1598 triduum
1134 1536 1369 1616 dentur,
1415 1538 1497 1596 ita
1541 1543 1609 1596 ut
1644 1537 1773 1615 ipsa
1809 1537 1971 1614 potio
2010 1536 2169 1596 ferro
2209 1536 2364 1598 duro

331 1625 586 1706 calefiat3
633 1627 867 1703 insigne
915 1625 1245 1685 remedium
1294 1626 1414 1685 cito
1462 1625 1819 1702 experietur.
2390 1648 2441 1690 ιε

230 1724 298 1774 47
513 1713 763 1793 Leporis
809 1712 1205 1774 ventriculum
1252 1731 1391 1773 cum
1437 1714 1573 1773 fimo
1622 1731 1730 1773 suo
1776 1714 1912 1773 vino
1958 1721 2161 1774 vetere
2206 1713 2361 1774 lava-

337 1801 453 1883 bis,
503 1804 583 1862 ita
632 1809 700 1863 ut
744 1803 953 1863 sordes
998 1804 1162 1881 ipsae
1210 1799 1295 1861 ibi
1343 1803 1462 1862 sint
1508 1807 1569 1861 et
1618 1804 2003 1880 misceantur,
2052 1809 2155 1862 aut
2201 1803 2254 1861 si
2298 1805 2365 1862 in

337 1890 667 1952 ventriculo
723 1909 844 1951 non
900 1891 1225 1969 inveneriS,
1282 1888 1496 1968 pilulas
1552 1888 1624 1949 de
1681 1890 1820 1951 fimo
1876 1892 2067 1968 ipsius
2120 1893 2363 1970 inpares

338 1997 587 2040 numero
634 1982 806 2040 tritas
852 1997 987 2040 cum
1036 1981 1170 2039 vino
1207 1985 1411 2038 vetere
1451 1978 1812 2057 dysinterico
1850 1978 2017 2039 dabis
2055 1978 2362 2040 bibendas

230 2078 298 2128 48
512 2067 603 2128 Ad
646 2069 873 2128 ventris
920 2067 1143 2128 fluxum
1192 2068 1498 2127 masticem
1544 2065 1736 2126 albam
1775 2075 1938 2127 teres
1972 2075 2037 2128 et
2070 2069 2136 2127 in
2171 2070 2362 2147 potio·
2390 2092 2443 2133 ω

335 2173 473 2215 nem
520 2158 764 2215 mixtam
808 2157 1010 2216 mittes
1057 2163 1116 2215 et
1161 2154 1472 2215 calefacies
1517 2153 1670 2214 bene
1716 2156 1905 2234 ipsam
1948 2157 2251 2233 potionem
2298 2159 2365 2217 in

229 2254 297 2304 49
335 2260 486 2322 aqua
533 2242 720 2303 calida
756 2252 817 2304 et
851 2241 1169 2303 bibendam
1204 2260 1314 2321 per
1350 2243 1618 2304 triduum
1656 2242 1839 2303 dabis
1903 2242 2160 2304 Herbam
2198 2245 2365 2323 plan·

335 2332 596 2408 taginem
642 2330 884 2410 colliges
931 2349 998 2391 ac
1048 2338 1204 2391 teres
1252 2339 1312 2392 et
1359 2348 1568 2391 sucum
1617 2332 1748 2391 eius
1795 2350 1933 2392 cum
1978 2334 2100 2392 vini
2141 2336 2363 2394 veteris

334 2421 593 2500 potione,
641 2421 691 2479 si
738 2437 857 2479 non
904 2418 1279 2499 febricitabit,
1326 2418 1687 2498 dysinterico
1725 2438 1832 2498 per
1869 2421 2137 2482 triduum
2173 2420 2361 2484 dabis.

229 2519 298 2569 50
510 2508 600 2568 Ad
645 2510 870 2568 ventris
916 2508 1139 2569 fluxum
1188 2507 1277 2568 vel
1316 2508 1386 2568 ad
1427 2506 1822 2586 dysintericos
1858 2510 1976 2569 iam
2013 2510 2364 2590 desperatos
2389 2532 2441 2573 ss

334 2593 664 2656 remedium
713 2598 826 2657 sic:
886 2595 1184 2676 vermem,
1232 2596 1392 2657 unde
1438 2614 1684 2657 coccum
1731 2598 2043 2678 tinguitur,
2087 2605 2254 2660 teres
2300 2608 2364 2661 et

334 2702 470 2744 cum
518 2686 653 2745 vino
699 2693 902 2746 vetere
948 2687 1171 2764 optimo
1217 2686 1518 2764 potionem
1567 2686 1811 2745 mixtam
1856 2694 1917 2747 et
1961 2686 2210 2748 calidam
2252 2707 2365 2768 per

333 2774 596 2835 triduum
646 2771 830 2834 dabis.

227 2874 294 2922 51
511 2862 601 2922 Ad
657 2861 1037 2939 dysinteriam
1093 2863 1217 2922 sive
1274 2862 1634 2922 torminosos
1688 2869 1751 2922 et
1806 2864 1914 2940 qui-
1965 2862 2364 2926 deiectionem

332 2952 572 3010 nimiam
630 2950 938 3028 patiuntur
994 2950 1323 3010 remedium
1379 2952 1492 3010 sic:
1558 2949 1818 3011 Ovorum
1873 2951 2105 3013 vitellos
2153 2961 2362 3015 coctos
2387 2972 2441 3013 so

333 3039 457 3097 sive
503 3040 796 3118 incoctos,
852 3056 1025 3098 uvam
1072 3045 1368 3117 agrestem
1416 3038 1643 3099 acidam
1688 3047 1750 3100 et
1795 3038 1974 3118 gallas
2020 3044 2151 3120 pari
2193 3060 2360 3103 men·

332 3144 472 3186 sura
509 3136 637 3188 tere
676 3145 744 3187 ac
770 3129 1065 3205 permisce
1094 3135 1155 3187 et
1181 3126 1507 3187 bibendum
1537 3128 1906 3189 medicamen
1932 3135 2145 3208 tepens
2171 3131 2360 3192 trade.

226 3228 294 3276 52
509 3215 820 3276 Frumenti
874 3217 1016 3276 tosti
1069 3233 1249 3294 grana
1305 3217 1502 3295 inpari
1555 3234 1833 3297 numero,
1894 3218 2168 3280 similiter
2221 3220 2359 3281 hor·

333 3302 430 3364 dei
494 3310 557 3364 et
616 3305 813 3384 piSae,
877 3321 1015 3364 cum
1082 3302 1274 3365 mellis
1340 3304 1674 3383 despumati
1745 3304 1981 3366 hemina
2046 3310 2233 3369 misce
2297 3316 2360 3369 et

510 3444 542 3492 2
583 3437 805 3508 caldae]
844 3437 1024 3493 calda..
1144 3444 1177 3492 3
1213 3438 1408 3508 ipsius.
1516 3445 1553 3492 4
1590 3438 1751 3494 dabis
1788 3441 1997 3510 (repet.)
2030 3440 2355 3500 bibendum.

331 3508 633 3633 gsffliffidg
665 3508 1027 3634 21²2th
1065 3509 1154 3580 ut]
1194 3512 1266 3565 et.
1388 3514 1455 3563 21
1496 3508 1809 3566 calefacies.
1918 3517 1988 3566 29
2027 3511 2354 3580 dysinteria.
