<?xml version="1.0" encoding="UTF-8"?>
<!DOCTYPE html PUBLIC "-//W3C//DTD XHTML 1.0 Transitional//EN"
    "http://www.w3.org/TR/xhtml1/DTD/xhtml1-transitional.dtd">
<html xmlns="http://www.w3.org/1999/xhtml" xml:lang="en" lang="en">
 <head>
  <title>
</title>
<meta http-equiv="Content-Type" content="text/html;charset=utf-8" />
  <meta name='ocr-system' content='tesseract 3.04.00' />
  <meta name='ocr-capabilities' content='ocr_page ocr_carea ocr_par ocr_line ocrx_word'/>
</head>
<body>
  <div class='ocr_page' id='page_1' title='image "./marcellidemedic00unkngoog_0392.png"; bbox 0 0 2575 4092; ppageno 0'>
   <div class='ocr_carea' id='block_1_1' title="bbox 1135 231 1611 296">
    <p class='ocr_par' dir='ltr' id='par_1_1' title="bbox 1135 231 1611 296">
     <span class='ocr_line' id='line_1_1' title="bbox 1135 231 1611 296; baseline 0.002 -1"><span class='ocrx_word' id='word_1_1' title='bbox 1135 231 1611 296; x_wconf 83' lang='lat'><strong>—372—</strong></span> 
     </span>
    </p>
   </div>
   <div class='ocr_carea' id='block_1_2' title="bbox 248 392 2406 650">
    <p class='ocr_par' dir='ltr' id='par_1_2' title="bbox 248 392 2406 650">
     <span class='ocr_line' id='line_1_2' title="bbox 249 392 2406 474; baseline -0.001 -18"><span class='ocrx_word' id='word_1_2' title='bbox 249 406 319 456; x_wconf 88' lang='grc'>30</span> <span class='ocrx_word' id='word_1_3' title='bbox 535 394 805 455; x_wconf 89' lang='lat' dir='ltr'>Feniculi</span> <span class='ocrx_word' id='word_1_4' title='bbox 869 395 1057 456; x_wconf 87' lang='lat' dir='ltr'>farina</span> <span class='ocrx_word' id='word_1_5' title='bbox 1121 413 1194 454; x_wconf 89' lang='lat' dir='ltr'>ex</span> <span class='ocrx_word' id='word_1_6' title='bbox 1258 392 1650 474; x_wconf 82' lang='lat' dir='ltr'><strong>hydromelite</strong></span> <span class='ocrx_word' id='word_1_7' title='bbox 1711 393 1955 453; x_wconf 80' lang='lat' dir='ltr'>decocta</span> <span class='ocrx_word' id='word_1_8' title='bbox 2012 401 2072 453; x_wconf 92' lang='lat' dir='ltr'>et</span> <span class='ocrx_word' id='word_1_9' title='bbox 2130 394 2406 472; x_wconf 91' lang='lat' dir='ltr'>inposita</span> 
     </span>
     <span class='ocr_line' id='line_1_3' title="bbox 356 483 1000 562; baseline 0.002 -19"><span class='ocrx_word' id='word_1_10' title='bbox 356 484 665 562; x_wconf 82' lang='lat' dir='ltr'>chiragrae</span> <span class='ocrx_word' id='word_1_11' title='bbox 709 483 1000 544; x_wconf 89' lang='lat' dir='ltr'>medetur.</span> 
     </span>
     <span class='ocr_line' id='line_1_4' title="bbox 248 533 2403 650; baseline -0.002 -16"><span class='ocrx_word' id='word_1_12' title='bbox 248 584 316 634; x_wconf 83' lang='lat'>31</span> <span class='ocrx_word' id='word_1_13' title='bbox 533 570 860 650; x_wconf 90' lang='lat' dir='ltr'>Podagram</span> <span class='ocrx_word' id='word_1_14' title='bbox 910 581 975 633; x_wconf 88' lang='lat' dir='ltr'>ut</span> <span class='ocrx_word' id='word_1_15' title='bbox 1020 589 1228 632; x_wconf 90' lang='lat' dir='ltr'>sanare</span> <span class='ocrx_word' id='word_1_16' title='bbox 1276 569 1516 631; x_wconf 85' lang='lat' dir='ltr'>difficile</span> <span class='ocrx_word' id='word_1_17' title='bbox 1563 579 1682 650; x_wconf 88' lang='lat' dir='ltr'>est,</span> <span class='ocrx_word' id='word_1_18' title='bbox 1735 571 1823 630; x_wconf 91' lang='lat' dir='ltr'>sic</span> <span class='ocrx_word' id='word_1_19' title='bbox 1867 533 2185 648; x_wconf 79' lang='lat' dir='ltr'>incipienti</span> <span class='ocrx_word' id='word_1_20' title='bbox 2236 571 2403 630; x_wconf 89' lang='lat' dir='ltr'>inter</span> 
     </span>
    </p>
   </div>
   <div class='ocr_carea' id='block_1_3' title="bbox 249 659 2447 1183">
    <p class='ocr_par' dir='ltr' id='par_1_3' title="bbox 353 659 2447 1006">
     <span class='ocr_line' id='line_1_5' title="bbox 354 659 2400 764; baseline -0.001 -43"><span class='ocrx_word' id='word_1_21' title='bbox 354 662 521 721; x_wconf 88' lang='lat' dir='ltr'>initia</span> <span class='ocrx_word' id='word_1_22' title='bbox 570 678 891 721; x_wconf 91' lang='lat' dir='ltr'>occurrere</span> <span class='ocrx_word' id='word_1_23' title='bbox 937 668 1287 764; x_wconf 47' lang='lat' dir='ltr'>promptum·</span> <span class='ocrx_word' id='word_1_24' title='bbox 1328 669 1446 740; x_wconf 83' lang='lat' dir='ltr'>est3</span> <span class='ocrx_word' id='word_1_25' title='bbox 1493 677 1629 719; x_wconf 93' lang='lat' dir='ltr'>nam</span> <span class='ocrx_word' id='word_1_26' title='bbox 1675 660 1834 718; x_wconf 90' lang='lat' dir='ltr'>inter</span> <span class='ocrx_word' id='word_1_27' title='bbox 1869 660 2040 719; x_wconf 88' lang='lat' dir='ltr'>initia</span> <span class='ocrx_word' id='word_1_28' title='bbox 2078 659 2213 719; x_wconf 87' lang='lat' dir='ltr'>eius</span> <span class='ocrx_word' id='word_1_29' title='bbox 2256 677 2400 719; x_wconf 90' lang='lat' dir='ltr'>cum</span> 
     </span>
     <span class='ocr_line' id='line_1_6' title="bbox 355 746 2447 828; baseline -0.001 -19"><span class='ocrx_word' id='word_1_30' title='bbox 355 749 591 809; x_wconf 87' lang='lat' dir='ltr'>dolores</span> <span class='ocrx_word' id='word_1_31' title='bbox 647 751 960 828; x_wconf 82' lang='lat' dir='ltr'>asperrimi</span> <span class='ocrx_word' id='word_1_32' title='bbox 1017 756 1183 828; x_wconf 87' lang='lat' dir='ltr'>sunt,</span> <span class='ocrx_word' id='word_1_33' title='bbox 1240 750 1291 808; x_wconf 89' lang='lat' dir='ltr'>si</span> <span class='ocrx_word' id='word_1_34' title='bbox 1347 750 1480 827; x_wconf 91' lang='lat' dir='ltr'>quis</span> <span class='ocrx_word' id='word_1_35' title='bbox 1536 765 1684 808; x_wconf 87' lang='lat' dir='ltr'>vena</span> <span class='ocrx_word' id='word_1_36' title='bbox 1738 747 1983 807; x_wconf 87' lang='lat' dir='ltr'>adversa</span> <span class='ocrx_word' id='word_1_37' title='bbox 2029 749 2092 807; x_wconf 92' lang='lat' dir='ltr'>in</span> <span class='ocrx_word' id='word_1_38' title='bbox 2140 746 2399 807; x_wconf 89' lang='lat' dir='ltr'>brachio</span> <span class='ocrx_word' id='word_1_39' title='bbox 2424 765 2447 805; x_wconf 80' lang='lat'><strong>5</strong></span> 
     </span>
     <span class='ocr_line' id='line_1_7' title="bbox 354 835 2400 920; baseline -0.001 -22"><span class='ocrx_word' id='word_1_40' title='bbox 354 846 671 920; x_wconf 85' lang='lat' dir='ltr'>pungatur,</span> <span class='ocrx_word' id='word_1_41' title='bbox 708 857 827 898; x_wconf 92' lang='lat' dir='ltr'>non</span> <span class='ocrx_word' id='word_1_42' title='bbox 864 838 1041 898; x_wconf 91' lang='lat' dir='ltr'>modo</span> <span class='ocrx_word' id='word_1_43' title='bbox 1078 838 1382 917; x_wconf 79' lang='lat' dir='ltr'>praesenti</span> <span class='ocrx_word' id='word_1_44' title='bbox 1421 835 1624 896; x_wconf 88' lang='lat' dir='ltr'>dolore</span> <span class='ocrx_word' id='word_1_45' title='bbox 1653 835 2035 917; x_wconf 84' lang='lat' dir='ltr'>relevabitur,</span> <span class='ocrx_word' id='word_1_46' title='bbox 2073 835 2180 896; x_wconf 94' lang='lat' dir='ltr'>sed</span> <span class='ocrx_word' id='word_1_47' title='bbox 2213 838 2400 896; x_wconf 88' lang='lat' dir='ltr'>etiam</span> 
     </span>
     <span class='ocr_line' id='line_1_8' title="bbox 353 925 1526 1006; baseline -0.001 -20"><span class='ocrx_word' id='word_1_48' title='bbox 353 929 416 987; x_wconf 88' lang='lat' dir='ltr'>in</span> <span class='ocrx_word' id='word_1_49' title='bbox 463 936 771 1006; x_wconf 88' lang='lat' dir='ltr'>posterum</span> <span class='ocrx_word' id='word_1_50' title='bbox 817 934 1110 1005; x_wconf 89' lang='lat' dir='ltr'>perpetuo</span> <span class='ocrx_word' id='word_1_51' title='bbox 1157 925 1526 986; x_wconf 88' lang='lat' dir='ltr'>liberabitur.</span> 
     </span>
    </p>

    <p class='ocr_par' dir='ltr' id='par_1_4' title="bbox 249 1012 2396 1183">
     <span class='ocr_line' id='line_1_9' title="bbox 249 1012 2396 1093; baseline -0 -18"><span class='ocrx_word' id='word_1_52' title='bbox 249 1027 315 1075; x_wconf 80' lang='lat'>32</span> <span class='ocrx_word' id='word_1_53' title='bbox 532 1014 770 1076; x_wconf 85' lang='lat' dir='ltr'>Utiliter</span> <span class='ocrx_word' id='word_1_54' title='bbox 816 1017 879 1075; x_wconf 92' lang='lat' dir='ltr'>in</span> <span class='ocrx_word' id='word_1_55' title='bbox 917 1014 1122 1075; x_wconf 90' lang='lat' dir='ltr'>dolore</span> <span class='ocrx_word' id='word_1_56' title='bbox 1159 1021 1580 1093; x_wconf 88' lang='lat' dir='ltr'>perunguntur</span> <span class='ocrx_word' id='word_1_57' title='bbox 1616 1013 1799 1092; x_wconf 87' lang='lat' dir='ltr'>pedes</span> <span class='ocrx_word' id='word_1_58' title='bbox 1837 1012 1985 1093; x_wconf 91' lang='lat' dir='ltr'>oleo,</span> <span class='ocrx_word' id='word_1_59' title='bbox 2021 1014 2085 1073; x_wconf 92' lang='lat' dir='ltr'>in</span> <span class='ocrx_word' id='word_1_60' title='bbox 2125 1030 2249 1092; x_wconf 88' lang='lat' dir='ltr'>quo</span> <span class='ocrx_word' id='word_1_61' title='bbox 2290 1014 2396 1074; x_wconf 90' lang='lat' dir='ltr'>diu</span> 
     </span>
     <span class='ocr_line' id='line_1_10' title="bbox 356 1100 2394 1183; baseline -0.001 -19"><span class='ocrx_word' id='word_1_62' title='bbox 356 1104 599 1165; x_wconf 90' lang='lat' dir='ltr'>decocta</span> <span class='ocrx_word' id='word_1_63' title='bbox 648 1105 767 1163; x_wconf 89' lang='lat' dir='ltr'>sint</span> <span class='ocrx_word' id='word_1_64' title='bbox 813 1105 1091 1163; x_wconf 88' lang='lat' dir='ltr'>intestina</span> <span class='ocrx_word' id='word_1_65' title='bbox 1139 1121 1446 1183; x_wconf 85' lang='lat' dir='ltr'>ranarum3</span> <span class='ocrx_word' id='word_1_66' title='bbox 1493 1120 1671 1162; x_wconf 91' lang='lat' dir='ltr'>ranae</span> <span class='ocrx_word' id='word_1_67' title='bbox 1719 1120 1957 1181; x_wconf 90' lang='lat' dir='ltr'>quoque</span> <span class='ocrx_word' id='word_1_68' title='bbox 2003 1100 2255 1162; x_wconf 87' lang='lat' dir='ltr'>rubetae</span> <span class='ocrx_word' id='word_1_69' title='bbox 2295 1120 2394 1162; x_wconf 86' lang='lat' dir='ltr'>ex-</span> 
     </span>
    </p>
   </div>
   <div class='ocr_carea' id='block_1_4' title="bbox 2547 17 2549 436">
    <p class='ocr_par' dir='ltr' id='par_1_5' title="bbox 2547 2 2549 436">
     <span class='ocr_line' id='line_1_11' title="bbox 2547 17 2549 146; baseline 0 0"><span class='ocrx_word' id='word_1_70' title='bbox 2547 17 2549 146; x_wconf 55' lang='lat' dir='ltr'>l</span> 
     </span>
     <span class='ocr_line' id='line_1_12' title="bbox 2548 345 2549 436; baseline 0 0"><span class='ocrx_word' id='word_1_71' title='bbox 2548 345 2549 436; x_wconf 57' lang='grc' dir='ltr'>ψ</span> 
     </span>
    </p>
   </div>
   <div class='ocr_carea' id='block_1_5' title="bbox 354 1190 2549 1253">
    <p class='ocr_par' dir='ltr' id='par_1_6' title="bbox 354 1190 2549 1253">
     <span class='ocr_line' id='line_1_13' title="bbox 354 1190 2549 1253; baseline -0.002 0"><span class='ocrx_word' id='word_1_72' title='bbox 354 1200 524 1253; x_wconf 89' lang='lat' dir='ltr'>ustae</span> <span class='ocrx_word' id='word_1_73' title='bbox 580 1194 732 1252; x_wconf 88' lang='lat' dir='ltr'>cinis</span> <span class='ocrx_word' id='word_1_74' title='bbox 788 1209 926 1252; x_wconf 93' lang='lat' dir='ltr'>cum</span> <span class='ocrx_word' id='word_1_75' title='bbox 982 1191 1250 1252; x_wconf 82' lang='lat' dir='ltr'>sambuci</span> <span class='ocrx_word' id='word_1_76' title='bbox 1306 1190 1572 1252; x_wconf 91' lang='lat' dir='ltr'>coliculis</span> <span class='ocrx_word' id='word_1_77' title='bbox 1628 1192 1854 1252; x_wconf 88' lang='lat' dir='ltr'>teneris</span> <span class='ocrx_word' id='word_1_78' title='bbox 1910 1192 2069 1250; x_wconf 89' lang='lat' dir='ltr'>tritis</span> <span class='ocrx_word' id='word_1_79' title='bbox 2125 1198 2186 1250; x_wconf 89' lang='lat' dir='ltr'>et</span> <span class='ocrx_word' id='word_1_80' title='bbox 2250 1209 2392 1250; x_wconf 83' lang='lat' dir='ltr'>sevo</span> <span class='ocrx_word' id='word_1_81' title='bbox 2418 1209 2462 1247; x_wconf 85' lang='lat'>10</span> <span class='ocrx_word' id='word_1_82' title='bbox 2548 1199 2549 1202; x_wconf 75' lang='grc'>’</span> 
     </span>
    </p>
   </div>
   <div class='ocr_carea' id='block_1_6' title="bbox 246 1279 2455 2066">
    <p class='ocr_par' dir='ltr' id='par_1_7' title="bbox 246 1279 2455 2066">
     <span class='ocr_line' id='line_1_14' title="bbox 356 1279 2389 1358; baseline -0 -18"><span class='ocrx_word' id='word_1_83' title='bbox 356 1280 588 1342; x_wconf 90' lang='lat' dir='ltr'>hircino</span> <span class='ocrx_word' id='word_1_84' title='bbox 645 1289 846 1341; x_wconf 87' lang='lat' dir='ltr'>vetere</span> <span class='ocrx_word' id='word_1_85' title='bbox 902 1281 1198 1358; x_wconf 85' lang='lat' dir='ltr'>permixto</span> <span class='ocrx_word' id='word_1_86' title='bbox 1263 1288 1324 1340; x_wconf 88' lang='lat' dir='ltr'>et</span> <span class='ocrx_word' id='word_1_87' title='bbox 1388 1279 1635 1340; x_wconf 88' lang='lat' dir='ltr'>decocto</span> <span class='ocrx_word' id='word_1_88' title='bbox 1688 1281 2042 1358; x_wconf 87' lang='lat' dir='ltr'>pariterque</span> <span class='ocrx_word' id='word_1_89' title='bbox 2107 1281 2389 1358; x_wconf 90' lang='lat' dir='ltr'>imposito</span> 
     </span>
     <span class='ocr_line' id='line_1_15' title="bbox 250 1366 2390 1449; baseline -0.003 -16"><span class='ocrx_word' id='word_1_90' title='bbox 250 1383 318 1433; x_wconf 83' lang='lat'>33</span> <span class='ocrx_word' id='word_1_91' title='bbox 360 1369 622 1449; x_wconf 90' lang='lat' dir='ltr'>prodest.</span> <span class='ocrx_word' id='word_1_92' title='bbox 706 1367 870 1429; x_wconf 91' lang='lat' dir='ltr'>Folia</span> <span class='ocrx_word' id='word_1_93' title='bbox 926 1372 1199 1447; x_wconf 89' lang='lat' dir='ltr'>cupressi</span> <span class='ocrx_word' id='word_1_94' title='bbox 1245 1370 1499 1429; x_wconf 88' lang='lat' dir='ltr'>contrita</span> <span class='ocrx_word' id='word_1_95' title='bbox 1549 1385 1686 1428; x_wconf 92' lang='lat' dir='ltr'>cum</span> <span class='ocrx_word' id='word_1_96' title='bbox 1742 1370 1912 1445; x_wconf 90' lang='lat' dir='ltr'>panis</span> <span class='ocrx_word' id='word_1_97' title='bbox 1960 1366 2156 1429; x_wconf 92' lang='lat' dir='ltr'>mollis</span> <span class='ocrx_word' id='word_1_98' title='bbox 2200 1369 2390 1447; x_wconf 90' lang='lat' dir='ltr'>parti-</span> 
     </span>
     <span class='ocr_line' id='line_1_16' title="bbox 356 1455 2388 1537; baseline -0.001 -19"><span class='ocrx_word' id='word_1_99' title='bbox 356 1457 470 1518; x_wconf 90' lang='lat' dir='ltr'>bus</span> <span class='ocrx_word' id='word_1_100' title='bbox 517 1455 748 1521; x_wconf 88' lang='lat' dir='ltr'>duabus</span> <span class='ocrx_word' id='word_1_101' title='bbox 794 1465 855 1518; x_wconf 94' lang='lat' dir='ltr'>et</span> <span class='ocrx_word' id='word_1_102' title='bbox 901 1459 1153 1537; x_wconf 84' lang='lat' dir='ltr'>axungia</span> <span class='ocrx_word' id='word_1_103' title='bbox 1200 1466 1402 1518; x_wconf 88' lang='lat' dir='ltr'>vetere</span> <span class='ocrx_word' id='word_1_104' title='bbox 1445 1455 1690 1517; x_wconf 88' lang='lat' dir='ltr'>subacta</span> <span class='ocrx_word' id='word_1_105' title='bbox 1725 1456 2042 1517; x_wconf 88' lang='lat' dir='ltr'>medentur</span> <span class='ocrx_word' id='word_1_106' title='bbox 2081 1455 2388 1517; x_wconf 89' lang='lat' dir='ltr'>doloribus</span> 
     </span>
     <span class='ocr_line' id='line_1_17' title="bbox 352 1546 667 1626; baseline -0.003 -19"><span class='ocrx_word' id='word_1_107' title='bbox 352 1546 667 1626; x_wconf 85' lang='lat' dir='ltr'>podagrae.</span> 
     </span>
     <span class='ocr_line' id='line_1_18' title="bbox 248 1633 2455 1714; baseline -0.003 -17"><span class='ocrx_word' id='word_1_108' title='bbox 248 1649 319 1697; x_wconf 84' lang='lat'>34</span> <span class='ocrx_word' id='word_1_109' title='bbox 536 1634 752 1695; x_wconf 91' lang='lat' dir='ltr'>Semen</span> <span class='ocrx_word' id='word_1_110' title='bbox 807 1644 1086 1714; x_wconf 82' lang='lat' dir='ltr'>genestae</span> <span class='ocrx_word' id='word_1_111' title='bbox 1142 1643 1387 1695; x_wconf 88' lang='lat' dir='ltr'>tunsum</span> <span class='ocrx_word' id='word_1_112' title='bbox 1443 1643 1505 1695; x_wconf 91' lang='lat' dir='ltr'>et</span> <span class='ocrx_word' id='word_1_113' title='bbox 1561 1650 1698 1693; x_wconf 90' lang='lat' dir='ltr'>cum</span> <span class='ocrx_word' id='word_1_114' title='bbox 1757 1634 2010 1710; x_wconf 89' lang='lat' dir='ltr'>axungia</span> <span class='ocrx_word' id='word_1_115' title='bbox 2071 1633 2387 1694; x_wconf 90' lang='lat' dir='ltr'>subactum</span> <span class='ocrx_word' id='word_1_116' title='bbox 2412 1651 2455 1691; x_wconf 82' lang='lat'>15</span> 
     </span>
     <span class='ocr_line' id='line_1_19' title="bbox 247 1720 2385 1802; baseline -0.001 -16"><span class='ocrx_word' id='word_1_117' title='bbox 247 1738 317 1786; x_wconf 84' lang='lat'>35</span> <span class='ocrx_word' id='word_1_118' title='bbox 357 1723 663 1784; x_wconf 89' lang='lat' dir='ltr'>doloribus</span> <span class='ocrx_word' id='word_1_119' title='bbox 709 1723 1121 1802; x_wconf 90' lang='lat' dir='ltr'>geniculorum</span> <span class='ocrx_word' id='word_1_120' title='bbox 1166 1730 1445 1801; x_wconf 87' lang='lat' dir='ltr'>potenter</span> <span class='ocrx_word' id='word_1_121' title='bbox 1490 1720 1822 1782; x_wconf 88' lang='lat' dir='ltr'>adhibetur.</span> <span class='ocrx_word' id='word_1_122' title='bbox 1896 1720 2184 1782; x_wconf 90' lang='lat' dir='ltr'>Mustelae</span> <span class='ocrx_word' id='word_1_123' title='bbox 2220 1724 2385 1783; x_wconf 85' lang='lat' dir='ltr'>vivae</span> 
     </span>
     <span class='ocr_line' id='line_1_20' title="bbox 355 1810 2385 1888; baseline -0 -17"><span class='ocrx_word' id='word_1_124' title='bbox 355 1811 698 1872; x_wconf 88' lang='lat' dir='ltr'>combustae</span> <span class='ocrx_word' id='word_1_125' title='bbox 754 1813 905 1873; x_wconf 92' lang='lat' dir='ltr'>cinis</span> <span class='ocrx_word' id='word_1_126' title='bbox 962 1830 1099 1873; x_wconf 92' lang='lat' dir='ltr'>cum</span> <span class='ocrx_word' id='word_1_127' title='bbox 1156 1811 1286 1871; x_wconf 92' lang='lat' dir='ltr'>oleo</span> <span class='ocrx_word' id='word_1_128' title='bbox 1338 1828 1582 1871; x_wconf 89' lang='lat' dir='ltr'>rosaceo</span> <span class='ocrx_word' id='word_1_129' title='bbox 1631 1816 1692 1869; x_wconf 91' lang='lat' dir='ltr'>et</span> <span class='ocrx_word' id='word_1_130' title='bbox 1736 1816 1904 1870; x_wconf 91' lang='lat' dir='ltr'>aceto</span> <span class='ocrx_word' id='word_1_131' title='bbox 1951 1812 2133 1888; x_wconf 89' lang='lat' dir='ltr'>pinna</span> <span class='ocrx_word' id='word_1_132' title='bbox 2179 1810 2385 1872; x_wconf 89' lang='lat' dir='ltr'>inlitus</span> 
     </span>
     <span class='ocr_line' id='line_1_21' title="bbox 349 1900 994 1980; baseline 0.002 -20"><span class='ocrx_word' id='word_1_133' title='bbox 349 1900 687 1980; x_wconf 88' lang='lat' dir='ltr'>podagricis</span> <span class='ocrx_word' id='word_1_134' title='bbox 733 1901 994 1979; x_wconf 89' lang='lat' dir='ltr'>prodest.</span> 
     </span>
     <span class='ocr_line' id='line_1_22' title="bbox 246 1986 2384 2066; baseline -0.002 -15"><span class='ocrx_word' id='word_1_135' title='bbox 246 2004 314 2053; x_wconf 84' lang='grc'>36</span> <span class='ocrx_word' id='word_1_136' title='bbox 533 1988 763 2049; x_wconf 90' lang='lat' dir='ltr'>Hedera</span> <span class='ocrx_word' id='word_1_137' title='bbox 810 1991 1065 2050; x_wconf 91' lang='lat' dir='ltr'>contrita</span> <span class='ocrx_word' id='word_1_138' title='bbox 1112 1996 1173 2048; x_wconf 88' lang='lat' dir='ltr'>et</span> <span class='ocrx_word' id='word_1_139' title='bbox 1210 2005 1344 2048; x_wconf 91' lang='lat' dir='ltr'>cum</span> <span class='ocrx_word' id='word_1_140' title='bbox 1385 2004 1556 2065; x_wconf 81' lang='lat' dir='ltr'>oryza</span> <span class='ocrx_word' id='word_1_141' title='bbox 1603 2004 1671 2046; x_wconf 91' lang='lat' dir='ltr'>ac</span> <span class='ocrx_word' id='word_1_142' title='bbox 1708 1986 1882 2046; x_wconf 91' lang='lat' dir='ltr'>melle</span> <span class='ocrx_word' id='word_1_143' title='bbox 1921 1986 2166 2047; x_wconf 87' lang='lat' dir='ltr'>decocta</span> <span class='ocrx_word' id='word_1_144' title='bbox 2204 1996 2384 2066; x_wconf 90' lang='lat' dir='ltr'>atque</span> 
     </span>
    </p>
   </div>
   <div class='ocr_carea' id='block_1_7' title="bbox 352 2074 2549 2157">
    <p class='ocr_par' dir='ltr' id='par_1_8' title="bbox 352 2074 2549 2157">
     <span class='ocr_line' id='line_1_23' title="bbox 352 2074 2549 2157; baseline -0.002 -19"><span class='ocrx_word' id='word_1_145' title='bbox 352 2079 415 2137; x_wconf 94' lang='lat' dir='ltr'>in</span> <span class='ocrx_word' id='word_1_146' title='bbox 473 2095 658 2138; x_wconf 91' lang='lat' dir='ltr'>unum</span> <span class='ocrx_word' id='word_1_147' title='bbox 716 2080 1007 2157; x_wconf 84' lang='lat' dir='ltr'>permixta</span> <span class='ocrx_word' id='word_1_148' title='bbox 1065 2084 1126 2137; x_wconf 93' lang='lat' dir='ltr'>et</span> <span class='ocrx_word' id='word_1_149' title='bbox 1181 2076 1375 2136; x_wconf 91' lang='lat' dir='ltr'>denuo</span> <span class='ocrx_word' id='word_1_150' title='bbox 1431 2077 1570 2136; x_wconf 87' lang='lat' dir='ltr'>trita</span> <span class='ocrx_word' id='word_1_151' title='bbox 1624 2074 1921 2154; x_wconf 90' lang='lat' dir='ltr'>podagrae</span> <span class='ocrx_word' id='word_1_152' title='bbox 1968 2083 2030 2135; x_wconf 89' lang='lat' dir='ltr'>et</span> <span class='ocrx_word' id='word_1_153' title='bbox 2075 2074 2382 2154; x_wconf 90' lang='lat' dir='ltr'>chiragrae</span> <span class='ocrx_word' id='word_1_154' title='bbox 2410 2094 2460 2133; x_wconf 82' lang='lat'>20</span> <span class='ocrx_word' id='word_1_155' title='bbox 2548 2133 2549 2146; x_wconf 12' lang='grc' dir='ltr'><strong>ξ</strong></span> 
     </span>
    </p>
   </div>
   <div class='ocr_carea' id='block_1_8' title="bbox 244 2162 2456 2953">
    <p class='ocr_par' dir='ltr' id='par_1_9' title="bbox 244 2162 2383 2421">
     <span class='ocr_line' id='line_1_24' title="bbox 244 2162 2382 2241; baseline -0.001 -14"><span class='ocrx_word' id='word_1_156' title='bbox 244 2179 311 2229; x_wconf 79' lang='grc'>37</span> <span class='ocrx_word' id='word_1_157' title='bbox 353 2176 413 2228; x_wconf 91' lang='lat' dir='ltr'>et</span> <span class='ocrx_word' id='word_1_158' title='bbox 469 2184 790 2226; x_wconf 87' lang='lat' dir='ltr'>nervorum</span> <span class='ocrx_word' id='word_1_159' title='bbox 837 2163 1265 2225; x_wconf 82' lang='lat' dir='ltr'>offensionibus</span> <span class='ocrx_word' id='word_1_160' title='bbox 1312 2163 1586 2224; x_wconf 90' lang='lat' dir='ltr'>medetur</span> <span class='ocrx_word' id='word_1_161' title='bbox 1633 2165 1906 2241; x_wconf 90' lang='lat' dir='ltr'>inposita.</span> <span class='ocrx_word' id='word_1_162' title='bbox 1990 2162 2196 2224; x_wconf 90' lang='lat' dir='ltr'>Urtica</span> <span class='ocrx_word' id='word_1_163' title='bbox 2240 2165 2382 2225; x_wconf 89' lang='lat' dir='ltr'>trita</span> 
     </span>
     <span class='ocr_line' id='line_1_25' title="bbox 352 2251 2383 2332; baseline -0.001 -18"><span class='ocrx_word' id='word_1_164' title='bbox 352 2272 490 2315; x_wconf 89' lang='lat' dir='ltr'>cum</span> <span class='ocrx_word' id='word_1_165' title='bbox 538 2256 824 2331; x_wconf 90' lang='lat' dir='ltr'>sanguine</span> <span class='ocrx_word' id='word_1_166' title='bbox 871 2253 1110 2314; x_wconf 86' lang='lat' dir='ltr'>milvino</span> <span class='ocrx_word' id='word_1_167' title='bbox 1159 2261 1261 2313; x_wconf 89' lang='lat' dir='ltr'>aut</span> <span class='ocrx_word' id='word_1_168' title='bbox 1305 2251 1720 2332; x_wconf 89' lang='lat' dir='ltr'>palumborum</span> <span class='ocrx_word' id='word_1_169' title='bbox 1762 2253 2050 2331; x_wconf 85' lang='lat' dir='ltr'>permixta</span> <span class='ocrx_word' id='word_1_170' title='bbox 2091 2258 2270 2332; x_wconf 91' lang='lat' dir='ltr'>atque</span> <span class='ocrx_word' id='word_1_171' title='bbox 2309 2271 2383 2312; x_wconf 81' lang='lat' dir='ltr'>ex</span> 
     </span>
     <span class='ocr_line' id='line_1_26' title="bbox 352 2341 1573 2421; baseline -0.001 -19"><span class='ocrx_word' id='word_1_172' title='bbox 352 2361 423 2402; x_wconf 92' lang='lat' dir='ltr'>eo</span> <span class='ocrx_word' id='word_1_173' title='bbox 469 2342 652 2421; x_wconf 89' lang='lat' dir='ltr'>pedes</span> <span class='ocrx_word' id='word_1_174' title='bbox 698 2341 855 2402; x_wconf 92' lang='lat' dir='ltr'>inliti</span> <span class='ocrx_word' id='word_1_175' title='bbox 901 2341 1224 2401; x_wconf 87' lang='lat' dir='ltr'>efficaciter</span> <span class='ocrx_word' id='word_1_176' title='bbox 1271 2349 1573 2401; x_wconf 91' lang='lat' dir='ltr'>sanantur.</span> 
     </span>
    </p>

    <p class='ocr_par' dir='ltr' id='par_1_10' title="bbox 245 2428 2456 2953">
     <span class='ocr_line' id='line_1_27' title="bbox 245 2428 2381 2510; baseline -0.002 -16"><span class='ocrx_word' id='word_1_177' title='bbox 245 2446 312 2494; x_wconf 87' lang='lat'>38</span> <span class='ocrx_word' id='word_1_178' title='bbox 528 2430 845 2491; x_wconf 89' lang='lat' dir='ltr'>Mirificum</span> <span class='ocrx_word' id='word_1_179' title='bbox 883 2429 1177 2510; x_wconf 91' lang='lat' dir='ltr'>podagrae</span> <span class='ocrx_word' id='word_1_180' title='bbox 1216 2429 1546 2490; x_wconf 90' lang='lat' dir='ltr'>remedium</span> <span class='ocrx_word' id='word_1_181' title='bbox 1585 2447 1698 2489; x_wconf 94' lang='lat' dir='ltr'>nec</span> <span class='ocrx_word' id='word_1_182' title='bbox 1735 2428 2035 2507; x_wconf 89' lang='lat' dir='ltr'>impendio</span> <span class='ocrx_word' id='word_1_183' title='bbox 2074 2437 2381 2508; x_wconf 81' lang='lat' dir='ltr'>sumptuo-</span> 
     </span>
     <span class='ocr_line' id='line_1_28' title="bbox 353 2517 2456 2598; baseline -0.001 -19"><span class='ocrx_word' id='word_1_184' title='bbox 353 2537 486 2579; x_wconf 91' lang='lat' dir='ltr'>sum</span> <span class='ocrx_word' id='word_1_185' title='bbox 552 2520 671 2579; x_wconf 90' lang='lat' dir='ltr'>sic:</span> <span class='ocrx_word' id='word_1_186' title='bbox 748 2518 1034 2598; x_wconf 90' lang='lat' dir='ltr'>Cupressi</span> <span class='ocrx_word' id='word_1_187' title='bbox 1097 2517 1314 2597; x_wconf 88' lang='lat' dir='ltr'>pilulae</span> <span class='ocrx_word' id='word_1_188' title='bbox 1380 2517 1724 2597; x_wconf 88' lang='lat' dir='ltr'>duodecim,</span> <span class='ocrx_word' id='word_1_189' title='bbox 1787 2519 2124 2596; x_wconf 90' lang='lat' dir='ltr'>pastinacae</span> <span class='ocrx_word' id='word_1_190' title='bbox 2201 2537 2378 2598; x_wconf 91' lang='lat' dir='ltr'>quam</span> <span class='ocrx_word' id='word_1_191' title='bbox 2405 2535 2456 2577; x_wconf 77' lang='lat'>85</span> 
     </span>
     <span class='ocr_line' id='line_1_29' title="bbox 349 2607 2378 2686; baseline 0 -18"><span class='ocrx_word' id='word_1_192' title='bbox 349 2609 629 2668; x_wconf 91' lang='lat' dir='ltr'>minimae</span> <span class='ocrx_word' id='word_1_193' title='bbox 675 2608 923 2668; x_wconf 89' lang='lat' dir='ltr'>totidem</span> <span class='ocrx_word' id='word_1_194' title='bbox 972 2607 1393 2686; x_wconf 88' lang='lat' dir='ltr'>decoquuntur</span> <span class='ocrx_word' id='word_1_195' title='bbox 1439 2624 1577 2666; x_wconf 89' lang='lat' dir='ltr'>cum</span> <span class='ocrx_word' id='word_1_196' title='bbox 1624 2608 1776 2666; x_wconf 90' lang='lat' dir='ltr'>turis</span> <span class='ocrx_word' id='word_1_197' title='bbox 1824 2608 1986 2667; x_wconf 90' lang='lat' dir='ltr'>tunsi</span> <span class='ocrx_word' id='word_1_198' title='bbox 2031 2608 2228 2666; x_wconf 90' lang='lat' dir='ltr'>unciis</span> <span class='ocrx_word' id='word_1_199' title='bbox 2274 2609 2378 2668; x_wconf 90' lang='lat' dir='ltr'>tri-</span> 
     </span>
     <span class='ocr_line' id='line_1_30' title="bbox 350 2694 2375 2773; baseline -0.001 -15"><span class='ocrx_word' id='word_1_200' title='bbox 350 2697 464 2758; x_wconf 91' lang='lat' dir='ltr'>bus</span> <span class='ocrx_word' id='word_1_201' title='bbox 512 2715 649 2757; x_wconf 91' lang='lat' dir='ltr'>cum</span> <span class='ocrx_word' id='word_1_202' title='bbox 692 2696 807 2757; x_wconf 92' lang='lat' dir='ltr'>olei</span> <span class='ocrx_word' id='word_1_203' title='bbox 845 2698 1102 2756; x_wconf 89' lang='lat' dir='ltr'>sextario</span> <span class='ocrx_word' id='word_1_204' title='bbox 1141 2703 1201 2755; x_wconf 90' lang='lat' dir='ltr'>et</span> <span class='ocrx_word' id='word_1_205' title='bbox 1238 2713 1423 2773; x_wconf 90' lang='lat' dir='ltr'>aquae</span> <span class='ocrx_word' id='word_1_206' title='bbox 1461 2694 1697 2754; x_wconf 92' lang='lat' dir='ltr'>hemina</span> <span class='ocrx_word' id='word_1_207' title='bbox 1736 2703 1796 2755; x_wconf 89' lang='lat' dir='ltr'>et</span> <span class='ocrx_word' id='word_1_208' title='bbox 1832 2696 2119 2773; x_wconf 84' lang='lat' dir='ltr'>axungiae</span> <span class='ocrx_word' id='word_1_209' title='bbox 2157 2698 2375 2756; x_wconf 87' lang='lat' dir='ltr'>veteris</span> 
     </span>
     <span class='ocr_line' id='line_1_31' title="bbox 350 2783 2372 2864; baseline -0.001 -18"><span class='ocrx_word' id='word_1_210' title='bbox 350 2787 546 2847; x_wconf 88' lang='lat' dir='ltr'>unciis</span> <span class='ocrx_word' id='word_1_211' title='bbox 600 2784 674 2845; x_wconf 89' lang='lat' dir='ltr'>Vl</span> <span class='ocrx_word' id='word_1_212' title='bbox 733 2794 794 2846; x_wconf 89' lang='lat' dir='ltr'>et</span> <span class='ocrx_word' id='word_1_213' title='bbox 848 2803 1020 2845; x_wconf 90' lang='lat' dir='ltr'>cerae</span> <span class='ocrx_word' id='word_1_214' title='bbox 1081 2783 1457 2864; x_wconf 83' lang='lat' dir='ltr'>tantundem,</span> <span class='ocrx_word' id='word_1_215' title='bbox 1524 2800 1674 2861; x_wconf 91' lang='lat' dir='ltr'>quae</span> <span class='ocrx_word' id='word_1_216' title='bbox 1729 2784 2045 2862; x_wconf 89' lang='lat' dir='ltr'>inspissata</span> <span class='ocrx_word' id='word_1_217' title='bbox 2112 2791 2174 2843; x_wconf 92' lang='lat' dir='ltr'>et</span> <span class='ocrx_word' id='word_1_218' title='bbox 2238 2802 2372 2844; x_wconf 90' lang='lat' dir='ltr'>con-</span> 
     </span>
     <span class='ocr_line' id='line_1_32' title="bbox 351 2871 1837 2953; baseline -0.003 -18"><span class='ocrx_word' id='word_1_219' title='bbox 351 2875 638 2953; x_wconf 89' lang='lat' dir='ltr'>glutinata</span> <span class='ocrx_word' id='word_1_220' title='bbox 685 2892 879 2952; x_wconf 90' lang='lat' dir='ltr'>panno</span> <span class='ocrx_word' id='word_1_221' title='bbox 926 2873 1094 2937; x_wconf 87' lang='lat' dir='ltr'>inlita</span> <span class='ocrx_word' id='word_1_222' title='bbox 1139 2871 1392 2951; x_wconf 87' lang='lat' dir='ltr'>pedibus</span> <span class='ocrx_word' id='word_1_223' title='bbox 1441 2871 1837 2950; x_wconf 89' lang='lat' dir='ltr'>adponuntur.</span> 
     </span>
    </p>
   </div>
   <div class='ocr_carea' id='block_1_9' title="bbox 247 2925 2549 3042">
    <p class='ocr_par' dir='ltr' id='par_1_11' title="bbox 247 2925 2549 3042">
     <span class='ocr_line' id='line_1_33' title="bbox 247 2925 2549 3042; baseline -0.003 -16"><span class='ocrx_word' id='word_1_224' title='bbox 247 2977 314 3026; x_wconf 87' lang='lat'>39</span> <span class='ocrx_word' id='word_1_225' title='bbox 531 2963 619 3023; x_wconf 88' lang='lat' dir='ltr'>Ad</span> <span class='ocrx_word' id='word_1_226' title='bbox 656 2963 976 3042; x_wconf 90' lang='lat' dir='ltr'>podagram</span> <span class='ocrx_word' id='word_1_227' title='bbox 1015 2979 1153 3022; x_wconf 89' lang='lat' dir='ltr'>cum</span> <span class='ocrx_word' id='word_1_228' title='bbox 1189 2961 1421 3020; x_wconf 85' lang='lat' dir='ltr'>fervore</span> <span class='ocrx_word' id='word_1_229' title='bbox 1459 2968 1520 3020; x_wconf 90' lang='lat' dir='ltr'>et</span> <span class='ocrx_word' id='word_1_230' title='bbox 1546 2969 1781 3021; x_wconf 88' lang='lat' dir='ltr'>tumore</span> <span class='ocrx_word' id='word_1_231' title='bbox 1810 2959 2163 3040; x_wconf 89' lang='lat' dir='ltr'>rubicund0,</span> <span class='ocrx_word' id='word_1_232' title='bbox 2202 2979 2372 3040; x_wconf 89' lang='lat' dir='ltr'>quam</span> <span class='ocrx_word' id='word_1_233' title='bbox 2400 2979 2448 3019; x_wconf 77' lang='lat' dir='ltr'>ao</span> <span class='ocrx_word' id='word_1_234' title='bbox 2548 2925 2549 2954; x_wconf 16' lang='grc' dir='ltr'>ἶ</span> 
     </span>
    </p>
   </div>
   <div class='ocr_carea' id='block_1_10' title="bbox 352 3047 2375 3396">
    <p class='ocr_par' dir='ltr' id='par_1_12' title="bbox 352 3047 2375 3396">
     <span class='ocr_line' id='line_1_34' title="bbox 354 3047 2375 3132; baseline -0.001 -21"><span class='ocrx_word' id='word_1_235' title='bbox 354 3051 601 3112; x_wconf 92' lang='lat' dir='ltr'>calidam</span> <span class='ocrx_word' id='word_1_236' title='bbox 638 3061 869 3132; x_wconf 88' lang='lat' dir='ltr'>vocant,</span> <span class='ocrx_word' id='word_1_237' title='bbox 905 3051 1052 3111; x_wconf 89' lang='lat' dir='ltr'>haec</span> <span class='ocrx_word' id='word_1_238' title='bbox 1090 3051 1316 3110; x_wconf 89' lang='lat' dir='ltr'>faciunt</span> <span class='ocrx_word' id='word_1_239' title='bbox 1352 3050 1561 3127; x_wconf 89' lang='lat' dir='ltr'>primis</span> <span class='ocrx_word' id='word_1_240' title='bbox 1599 3048 1809 3109; x_wconf 90' lang='lat' dir='ltr'>diebus</span> <span class='ocrx_word' id='word_1_241' title='bbox 1846 3047 2133 3110; x_wconf 89' lang='lat' dir='ltr'>adhibita:</span> <span class='ocrx_word' id='word_1_242' title='bbox 2178 3048 2375 3109; x_wconf 90' lang='lat' dir='ltr'>Herba</span> 
     </span>
     <span class='ocr_line' id='line_1_35' title="bbox 354 3137 2370 3219; baseline -0.001 -19"><span class='ocrx_word' id='word_1_243' title='bbox 354 3139 680 3202; x_wconf 89' lang='lat' dir='ltr'>urceolaris</span> <span class='ocrx_word' id='word_1_244' title='bbox 735 3158 845 3219; x_wconf 91' lang='lat' dir='ltr'>per</span> <span class='ocrx_word' id='word_1_245' title='bbox 900 3158 963 3199; x_wconf 91' lang='lat' dir='ltr'>se</span> <span class='ocrx_word' id='word_1_246' title='bbox 1019 3146 1079 3200; x_wconf 93' lang='lat' dir='ltr'>et</span> <span class='ocrx_word' id='word_1_247' title='bbox 1130 3156 1339 3198; x_wconf 89' lang='lat' dir='ltr'>caseus</span> <span class='ocrx_word' id='word_1_248' title='bbox 1393 3137 1585 3198; x_wconf 92' lang='lat' dir='ltr'>mollis</span> <span class='ocrx_word' id='word_1_249' title='bbox 1641 3155 1853 3198; x_wconf 92' lang='lat' dir='ltr'>recens</span> <span class='ocrx_word' id='word_1_250' title='bbox 1907 3155 2015 3216; x_wconf 90' lang='lat' dir='ltr'>per</span> <span class='ocrx_word' id='word_1_251' title='bbox 2070 3155 2135 3197; x_wconf 88' lang='lat' dir='ltr'>se</span> <span class='ocrx_word' id='word_1_252' title='bbox 2191 3140 2370 3217; x_wconf 90' lang='lat' dir='ltr'>impo-</span> 
     </span>
     <span class='ocr_line' id='line_1_36' title="bbox 355 3226 2367 3310; baseline -0.002 -20"><span class='ocrx_word' id='word_1_253' title='bbox 355 3231 526 3310; x_wconf 78' lang='lat' dir='ltr'>situS,</span> <span class='ocrx_word' id='word_1_254' title='bbox 572 3237 778 3309; x_wconf 88' lang='lat' dir='ltr'>postea</span> <span class='ocrx_word' id='word_1_255' title='bbox 815 3227 1016 3308; x_wconf 90' lang='lat' dir='ltr'>herba,</span> <span class='ocrx_word' id='word_1_256' title='bbox 1067 3229 1165 3288; x_wconf 92' lang='lat' dir='ltr'>cui</span> <span class='ocrx_word' id='word_1_257' title='bbox 1202 3226 1340 3287; x_wconf 90' lang='lat' dir='ltr'>salis</span> <span class='ocrx_word' id='word_1_258' title='bbox 1376 3226 1656 3306; x_wconf 90' lang='lat' dir='ltr'>pusillum</span> <span class='ocrx_word' id='word_1_259' title='bbox 1696 3226 2022 3286; x_wconf 89' lang='lat' dir='ltr'>admiscere</span> <span class='ocrx_word' id='word_1_260' title='bbox 2061 3226 2367 3305; x_wconf 87' lang='lat' dir='ltr'>oportebit.</span> 
     </span>
     <span class='ocr_line' id='line_1_37' title="bbox 352 3313 2367 3396; baseline -0.001 -19"><span class='ocrx_word' id='word_1_261' title='bbox 352 3317 502 3378; x_wconf 90' lang='lat' dir='ltr'>Item</span> <span class='ocrx_word' id='word_1_262' title='bbox 559 3317 710 3378; x_wconf 91' lang='lat' dir='ltr'>bene</span> <span class='ocrx_word' id='word_1_263' title='bbox 776 3317 917 3377; x_wconf 88' lang='lat' dir='ltr'>facit</span> <span class='ocrx_word' id='word_1_264' title='bbox 979 3318 1178 3396; x_wconf 90' lang='lat' dir='ltr'>apium</span> <span class='ocrx_word' id='word_1_265' title='bbox 1242 3315 1430 3375; x_wconf 84' lang='lat' dir='ltr'>viride</span> <span class='ocrx_word' id='word_1_266' title='bbox 1488 3332 1597 3394; x_wconf 91' lang='lat' dir='ltr'>per</span> <span class='ocrx_word' id='word_1_267' title='bbox 1663 3332 1725 3374; x_wconf 91' lang='lat' dir='ltr'>se</span> <span class='ocrx_word' id='word_1_268' title='bbox 1782 3313 1872 3374; x_wconf 85' lang='lat' dir='ltr'>vel</span> <span class='ocrx_word' id='word_1_269' title='bbox 1937 3332 2074 3375; x_wconf 89' lang='lat' dir='ltr'>cum</span> <span class='ocrx_word' id='word_1_270' title='bbox 2137 3315 2367 3395; x_wconf 90' lang='lat' dir='ltr'>polenta</span> 
     </span>
    </p>
   </div>
   <div class='ocr_carea' id='block_1_11' title="bbox 356 3519 2362 3662">
    <p class='ocr_par' dir='ltr' id='par_1_13' title="bbox 356 3519 2362 3662">
     <span class='ocr_line' id='line_1_38' title="bbox 537 3519 2362 3593; baseline 0.002 -18"><span class='ocrx_word' id='word_1_271' title='bbox 537 3528 563 3575; x_wconf 89' lang='lat'>1</span> <span class='ocrx_word' id='word_1_272' title='bbox 603 3522 835 3577; x_wconf 84' lang='lat' dir='ltr'>feniculi</span> <span class='ocrx_word' id='word_1_273' title='bbox 880 3520 1087 3593; x_wconf 81' lang='lat' dir='ltr'>farina]</span> <span class='ocrx_word' id='word_1_274' title='bbox 1132 3521 1286 3577; x_wconf 81' lang='lat' dir='ltr'>faeni</span> <span class='ocrx_word' id='word_1_275' title='bbox 1330 3520 1522 3591; x_wconf 83' lang='lat' dir='ltr'>graeci</span> <span class='ocrx_word' id='word_1_276' title='bbox 1557 3519 1739 3575; x_wconf 78' lang='lat' dir='ltr'>farina,</span> <span class='ocrx_word' id='word_1_277' title='bbox 1778 3520 1931 3575; x_wconf 71' lang='lat' dir='ltr'>Ptin.</span> <span class='ocrx_word' id='word_1_278' title='bbox 1958 3537 2015 3573; x_wconf 73' lang='lat' dir='ltr'>n.</span> <span class='ocrx_word' id='word_1_279' title='bbox 2042 3521 2097 3577; x_wconf 76' lang='lat' dir='ltr'>h.</span> <span class='ocrx_word' id='word_1_280' title='bbox 2125 3525 2221 3590; x_wconf 84' lang='lat'>24,</span> <span class='ocrx_word' id='word_1_281' title='bbox 2252 3526 2362 3578; x_wconf 88' lang='lat'>188.</span> 
     </span>
     <span class='ocr_line' id='line_1_39' title="bbox 356 3591 1337 3662; baseline 0.002 -18"><span class='ocrx_word' id='word_1_282' title='bbox 356 3596 423 3644; x_wconf 85' lang='lat'>33</span> <span class='ocrx_word' id='word_1_283' title='bbox 461 3591 653 3659; x_wconf 80' lang='lat' dir='ltr'>herba,</span> <span class='ocrx_word' id='word_1_284' title='bbox 691 3593 804 3662; x_wconf 88' lang='lat' dir='ltr'>cui]</span> <span class='ocrx_word' id='word_1_285' title='bbox 844 3592 1052 3647; x_wconf 83' lang='lat' dir='ltr'>herbae</span> <span class='ocrx_word' id='word_1_286' title='bbox 1090 3593 1337 3648; x_wconf 68' lang='lat' dir='ltr'>Ser-ibon.</span> 
     </span>
    </p>
   </div>
  </div>
 </body>
</html>
