2575 4092
1133 236 1521 301 -8-

311 399 491 462 della:
540 399 811 461 Feniculi
856 406 916 459 et
961 401 1080 479 apii
1125 398 1356 460 radices
1404 401 1540 460 vino
1588 398 1825 459 condito
1873 401 2063 460 veteri
2105 407 2165 460 et
2202 399 2341 461 odo-

309 497 440 550 rato
497 491 736 571 inicieS,
792 498 853 548 et
908 505 1047 549 cum
1094 506 1158 548 se
1204 487 1352 549 haec
1399 487 1645 549 confusa
1691 490 2149 571 maceraverint,
2205 508 2343 550 cum

313 580 438 638 vini
493 577 721 657 cyathis
769 576 1002 638 duobus
1050 577 1401 638 tantundem
1447 575 1729 638 miscebis
1775 595 1963 656 aquae
2011 577 2234 638 calidae
2282 587 2344 640 et

309 669 512 728 ieiuno
561 669 731 746 potui
776 665 961 727 dabis.
1036 665 1354 727 Praeterea
1401 666 1619 727 radicis
1667 669 1937 746 asparagi
1984 685 2166 728 sucus
2204 685 2345 728 cum

309 758 446 817 vino
484 758 706 817 mixtus
745 757 966 834 optime
1006 757 1281 837 sumitur,
1321 755 1425 816 sed
1457 763 1517 816 et
1545 757 1759 816 ciceris
1792 754 1928 836 albi,
1957 774 2076 817 non
2105 758 2345 817 arietini
2392 771 2430 812 -5

313 844 545 905 116666ῑί
584 862 765 906 5116115
804 845 1112 924 accipitur.
1186 844 1275 905 Ex
1312 844 1424 905 hac
1461 844 1814 925 valetudine,
1853 846 1971 905 nisi
1997 847 2059 905 in
2098 844 2343 906 exordio

311 935 541 996 curatio
589 932 851 994 adhibita
894 934 1094 1014 fuerit,
1139 952 1251 1013 per
1287 935 1497 994 urinae
1536 932 1944 995 difficultatem
1983 941 2043 994 et
2080 933 2344 1014 hydrops

310 1024 582 1084 nascitur
630 1030 689 1083 et
737 1021 905 1083 dolor
950 1024 1169 1083 iecoris
1217 1030 1277 1083 et
1324 1024 1464 1083 vitia
1510 1040 1724 1083 renum
1772 1030 1833 1083 et
1870 1025 2206 1101 stranguria
2246 1042 2344 1084 ve-

311 1114 486 1194 sicae,
524 1119 792 1172 ventrem
833 1110 1239 1172 molestissimi
1270 1111 1506 1172 dolores
1533 1110 1848 1173 vexabunt.
1909 1111 2068 1173 Haec
2099 1119 2240 1173 sunt
2268 1111 2342 1173 de

308 1200 773 1280 praenoscendis
820 1201 1392 1280 praeveniendisque
1440 1199 1784 1261 morborum
1834 1203 2046 1262 causis,
2127 1200 2345 1262 Addidi
2373 1216 2429 1257 10

311 1291 516 1370 etiam,
574 1288 793 1369 quihus
850 1296 910 1349 et
966 1297 1258 1368 quatenus
1314 1308 1425 1369 per
1480 1292 1619 1350 anni
1674 1290 1967 1351 circulum
2024 1308 2132 1368 pro
2190 1298 2343 1351 tem-

308 1396 524 1458 porum
564 1378 971 1439 vicissitudine
1015 1377 1346 1439 observatis
1382 1377 1760 1440 incolumitas
1799 1379 2187 1440 custodiatur.
2253 1380 2342 1440 Ab

309 1466 504 1528 hieme
562 1469 748 1547 igitur
804 1466 1102 1528 salubrius
1161 1468 1265 1528 fiet
1321 1468 1648 1529 exordium.
1732 1465 1822 1528 Ex
1881 1469 1976 1528 die
2031 1467 2161 1528 VIII
2215 1467 2342 1530 Kal.

307 1554 538 1617 Ianuar.
614 1555 966 1636 corporibus
1042 1575 1216 1618 umor
1286 1556 1581 1618 adcrescit
1654 1574 1845 1637 usque
1911 1559 2067 1617 veris
2143 1559 2342 1637 aequi-

308 1647 604 1728 noctium,
653 1645 811 1725 quod
858 1647 1069 1727 incipit
1114 1644 1242 1705 VIII
1279 1645 1405 1707 Kal.
1444 1646 1628 1726 April.
1708 1645 1837 1707 Hoc
1884 1664 2025 1725 ergo
2072 1653 2343 1726 tempore
2371 1657 2429 1700 15

310 1734 600 1796 utendum
649 1733 1023 1796 calidissimis
1071 1734 1222 1796 cibis
1264 1746 1325 1797 et
1362 1737 1621 1818 optimiS,
1667 1738 1802 1796 vino
1841 1734 2217 1814 aliquatenus
2253 1737 2342 1797 in-

309 1822 694 1906 dulgendum,
742 1842 888 1886 usus
937 1826 1113 1885 etiam
1160 1826 1440 1886 venerius
1486 1826 1729 1885 minime
1776 1824 2166 1902 respuendus.
2255 1824 2343 1885 Ex

309 1914 686 1992 aequinoctio
752 1915 962 1993 incipit
1025 1912 1300 1992 phlegma
1357 1931 1631 1974 crescere
1650 1962 1667 1994 ,
1731 1914 1793 1974 id
1859 1921 1951 1974 est
2025 1922 2345 1975 concretus

310 2020 483 2063 umor
539 2009 600 2062 et
657 2001 938 2082 frigiduS‚
988 2020 1179 2081 usque
1235 2004 1299 2062 in
1356 2009 1553 2063 ortum
1602 2001 1929 2084 pleiadum,
1982 2005 2087 2082 qui
2132 2004 2345 2082 incipit

306 2090 500 2169 pridie
545 2089 682 2151 idus
730 2089 927 2151 Maias,
1001 2089 1159 2170 Ergo
1207 2097 1335 2151 tum
1383 2090 1654 2152 adhiberi
1696 2093 1974 2152 convenit
2009 2091 2163 2152 bene
2202 2091 2342 2153 odo·
2369 2102 2426 2144 20

307 2187 487 2258 ratoS,
518 2178 622 2239 sed
654 2187 713 2239 et
742 2197 911 2239 acres
941 2178 1125 2240 611165.
1182 2178 1414 2241 Exhinc
1453 2183 1693 2259 sanguis
1731 2180 2035 2241 ardentior
2072 2179 2342 2242 febribus

308 2275 622 2345 augmenta
670 2266 1010 2347 suppeditat
1057 2286 1168 2328 nec
1212 2271 1414 2330 minus
1475 2288 1650 2330 umor
1687 2268 1992 2331 obbibitur
2037 2288 2230 2349 usque
2270 2271 2343 2332 ad

307 2357 516 2417 aestivi
573 2358 860 2435 temporis
917 2359 1471 2439 commutationem,
1531 2376 1681 2437 quae
1739 2357 1813 2420 ab
1869 2358 1997 2419 VIII
2053 2358 2177 2420 Kal.
2234 2358 2340 2421 lul.

309 2445 652 2527 inchoatur,
700 2463 733 2505 a
780 2463 899 2525 quo
946 2446 1043 2507 die
1089 2465 1306 2507 venere
1354 2446 1771 2508 abstinendum
1817 2448 2340 2527 ieiunandumque.

309 2532 397 2594 Ab
437 2542 642 2595 octavo
683 2536 840 2594 enim
871 2533 994 2595 Kal.
1025 2534 1130 2596 Iul.
1161 2538 1382 2597 aestiva
1412 2538 1750 2615 progressio
1781 2539 2149 2598 incrementa
2187 2536 2340 2598 fellis
2368 2548 2424 2589 25

309 2625 635 2684 exsuscitat
671 2641 863 2703 usque
902 2625 965 2684 in
1003 2627 1274 2686 autumni
1303 2627 1764 2707 aequinoctium,
1804 2625 1961 2705 quod
1992 2633 2085 2686 est
2113 2625 2188 2686 VI
2215 2625 2340 2688 Kal.

307 2710 601 2773 Octobris,
689 2711 821 2773 Erit
876 2714 1061 2791 igitur
1112 2713 1403 2774 utendum
1459 2716 1650 2775 acutis
1707 2725 1767 2776 et
1814 2714 2034 2793 sapidis
2081 2722 2143 2775 et
2186 2715 2340 2777 bene

307 2799 605 2861 olentibus
673 2799 850 2882 cibis,
915 2804 1155 2881 parcius
1210 2803 1597 2864 ieiunandum
1653 2811 1713 2863 et
1776 2805 2020 2865 venerio
2087 2822 2201 2866 usu
2266 2804 2339 2866 ab

307 2888 436 2949 VIII
465 2888 590 2951 Kal.
619 2888 727 2951 lul.
767 2898 929 2951 certe
967 2909 1078 2969 per
1115 2890 1243 2951 dies
1273 2890 1381 2951 XII
1420 2894 1659 2971 penitus
1699 2891 2133 2956 abstinendum.
2196 2892 2341 2954 Post

308 2981 578 3038 autumni
625 2981 1085 3060 aequinoctium,
1132 2979 1192 3040 id
1241 2988 1334 3041 est
1379 2988 1517 3059 post
1561 2980 1715 3042 diem
1755 2980 1827 3041 VI
1865 2980 1991 3042 Kal.
2030 2981 2339 3065 OctobreS,
2366 2994 2420 3035 30

307 3085 475 3128 acres
529 3067 681 3128 biles
743 3070 898 3129 vires
959 3076 1020 3129 et
1087 3078 1469 3147 augmentum
1535 3073 1869 3131 sortiuntur
1933 3073 1996 3131 in
2031 3089 2339 3132 ·occasum

304 3155 621 3237 pleiadum,
671 3159 774 3236 qui
820 3164 912 3217 est
952 3156 1060 3217 1111
1098 3157 1235 3219 idus
1271 3157 1651 3240 NovembriS,
1704 3177 1945 3220 umores
1993 3161 2172 3221 etiam
2209 3178 2338 3239 gra·

305 3263 408 3304 ves
457 3254 721 3323 serpunt.
797 3245 929 3306 Erit
973 3248 1159 3325 igitur
1205 3246 1497 3309 utendum
1544 3247 1729 3309 acidis
1777 3256 1837 3309 et
1882 3247 2122 3310 acribus
2170 3248 2338 3331 cibis,

453 3404 479 3452 1
520 3397 763 3453 canditO.
903 3405 935 3453 6
974 3398 1300 3456 valetudine
1336 3406 1436 3455 1m
1471 3400 1782 3456 valitudine
1820 3407 1944 3458 2m.
2074 3408 2105 3456 9
2143 3404 2338 3458 ventre

304 3468 721 3524 molestissima
801 3476 866 3525 14
894 3470 1109 3539 humor,
1138 3473 1266 3527 item
1299 3477 1380 3526 19.
1487 3477 1552 3527 18
1572 3472 1853 3541 phleuma.
1930 3477 1998 3527 23
2020 3473 2091 3528 ab
2110 3474 2337 3543 scripsi.-

305 3556 376 3595 aa
419 3541 545 3609 (sic)
590 3542 734 3608 cod„
781 3542 853 3596 ad
900 3541 1219 3598 Gor-narius.
1393 3548 1463 3596 24
1504 3559 1679 3612 supra
1724 3560 1927 3600 venere
1978 3545 2105 3600 add.
2144 3549 2250 3600 2m
2285 3561 2334 3599 a..

305 3616 372 3665 27
411 3612 613 3684 acutis]
652 3611 877 3683 frigidis
919 3612 1235 3670 Gornarius.
1404 3619 1471 3667 32
1510 3615 1770 3670 humores
1808 3621 1925 3673 2m.
