2575 4092
1101 275 1176 285 —
1278 237 1580 302 106-

321 420 391 463 ex
458 420 611 462 nuce
676 400 953 480 iuglande
1018 400 1370 462 instillatum
1436 400 1736 461 auriculae
1792 402 2031 479 gravius
2087 400 2358 462 audienti

216 490 497 553 119valde
543 489 806 569 prodest.
880 489 1057 551 Cedri
1103 492 1301 550 resina
1349 490 1562 569 hysopi
1607 489 1838 550 decocti
1880 508 2031 568 aqua
2070 489 2257 550 diluta
2295 497 2358 550 et

320 580 621 641 auriculae
684 579 873 639 indita
937 581 1169 639 sonitus
1233 580 1609 657 tinnitusque
1672 596 1880 639 omnes
1945 578 2228 639 discutiet
2294 588 2357 639 et

217 675 557 730 120avertet
604 667 887 728 dolorem.
969 666 1092 728 Ova
1129 667 1516 727 formicarum
1563 670 1821 728 contrita
1865 676 1926 727 et
1971 666 2218 728 auribus
2264 669 2353 727 in-

216 770 316 819 121
330 756 543 817 stillata
572 758 841 836 quamvis
869 755 1158 817 obtunsos
1186 756 1426 817 auditus
1454 756 1765 834 adaperire
1789 756 2137 817 creduntur.
2175 755 2353 816 Canis
2381 772 2408 813 5

320 846 501 925 adeps
557 864 693 906 cum
749 846 879 906 oleo
926 853 1125 906 vetere
1174 855 1233 905 et
1280 863 1426 906 suco
1473 844 1732 905 absinthi
1780 844 2026 905 auribus
2072 843 2353 905 instillata

320 953 694 1014 quacumque
741 953 814 994 ex
852 952 1028 995 causa
1067 934 1417 994 exsurdatas
1454 952 1632 994 aures
1671 935 1821 993 miro
1858 933 2034 994 modo
2071 950 2352 1012 reparare

214 1037 315 1085 122
329 1023 613 1084 creditur.
705 1022 1073 1083 Afronitrum
1131 1022 1620 1083 delicatissimum
1677 1029 1737 1083 et
1790 1022 1907 1083 mel
1954 1025 2244 1101 optimum
2291 1032 2354 1082 et

319 1120 553 1172 acetum
598 1114 956 1173 acerrimum
1003 1119 1279 1171 conteres
1325 1113 1551 1189 pariter
1597 1129 1787 1190 usque
1829 1111 1901 1171 ad
1942 1129 2231 1172 summam
2267 1110 2350 1171 le-

319 1203 559 1261 vitatem
597 1208 659 1261 et
696 1199 995 1261 auriculae
1032 1199 1340 1282 infundes3
1379 1218 1499 1260 non
1529 1200 1723 1262 solum
1749 1201 2017 1261 auditum
2046 1202 2351 1279 restitues,
2381 1217 2435 1257 ιο
2564 1271 2565 1276 ¹

216 1303 316 1352 123
332 1289 434 1350 sed
484 1298 545 1350 et
591 1288 856 1349 dolorem
903 1288 1257 1349 emendabit.
1339 1289 1556 1350 Parum
1604 1288 1913 1350 audientes
1960 1296 2192 1350 acetum
2235 1290 2350 1350 uti·
2564 1291 2565 1378 χ

214 1378 464 1441 124liter
502 1378 872 1457 gargalizant.
941 1377 1003 1437 Si
1043 1378 1278 1457 aliquod
1320 1377 1536 1438 animal
1573 1396 1776 1438 aurem
1815 1379 2144 1457 intraverit,
2181 1395 2348 1457 prae-

318 1469 560 1545 cipuum
600 1466 928 1527 remedium
968 1476 1060 1526 est
1097 1468 1401 1528 murinum
1435 1466 1513 1526 fel
1542 1474 1709 1527 aceto
1748 1466 2001 1528 dilutum
2043 1465 2350 1527 instillare.

213 1569 313 1619 125
327 1555 475 1616 Gliri
529 1574 635 1617 seu
690 1555 907 1616 blattae
963 1555 1135 1634 pellis
1183 1555 1520 1617 detrahitur
1567 1563 1628 1615 et
1671 1557 1952 1616 intestina
1999 1558 2130 1616 eius
2175 1554 2350 1615 deco-

317 1653 584 1724 quuntur
645 1647 708 1705 in
764 1663 902 1705 vaso
960 1663 1136 1705 aereo
1192 1662 1345 1705 novo
1402 1662 1539 1705 cum
1595 1644 1788 1705 mellis
1843 1643 2098 1705 heminis
2150 1643 2350 1704 tribus
2379 1659 2435 1701 15

317 1752 508 1812 usque
573 1734 644 1794 ad
709 1736 919 1795 tertias
983 1742 1160 1813 atque
1223 1735 1307 1794 ita
1374 1741 1668 1813 servatur,
1734 1739 1803 1793 ut
1857 1752 1992 1794 cum
2049 1750 2200 1811 opus
2255 1740 2352 1794 est

212 1823 541 1901 laestrigili
586 1823 1081 1883 medicamentum
1129 1822 1489 1901 tepefactum
1537 1822 1783 1883 auribus
1833 1822 2197 1883 infundatur.
2282 1820 2351 1881 Si

317 1930 454 1971 caro
493 1914 749 1972 creverit
785 1913 847 1970 in
885 1911 1184 1971 auriculae
1226 1911 1530 1991 foramine,
1569 1912 1977 1989 conprimetur
2014 1912 2143 1971 sine
2183 1910 2348 1971 ferro

316 2009 375 2060 et
413 2000 615 2060 dolore
655 1999 1043 2059 medicamine
1083 2000 1212 2060 tali:
1259 1999 1552 2060 Aluminis
1581 2001 1817 2060 unciam
1848 2001 2175 2081 semissem,
2195 2000 2349 2079 misy

316 2090 437 2149 usti
482 2121 569 2130 —
609 2087 668 2169 S,
717 2088 1019 2165 Sinopidis
1064 2088 1342 2149 rubricae
1390 2121 1474 2132 —-
1516 2087 1584 2167 S,
1630 2091 1888 2167 gummis
1932 2121 2019 2131 —
2068 2087 2138 2169 ὃς
2182 2090 2348 2149 tritis
2375 2105 2435 2145 so

316 2179 533 2236 ceteris
572 2195 645 2236 ex
683 2184 850 2236 aceto
889 2178 1014 2237 acri
1051 2184 1112 2237 et
1148 2177 1219 2237 ad
1259 2179 1450 2238 instar
1493 2177 1724 2256 collyrii
1761 2178 2030 2256 levigatis
2065 2195 2346 2255 gummen

316 2265 708 2346 admiscetur,
763 2275 830 2325 ut
885 2264 1107 2344 pastilli
1162 2284 1382 2345 corpus
1429 2266 1673 2347 efficiat,
1729 2275 1789 2327 et
1835 2269 1991 2327 sicut
2037 2266 2349 2346 collyrium

314 2356 522 2414 tritum
561 2357 986 2433 superponitur
1024 2363 1126 2415 aut
1162 2355 1526 2436 infunditur3
1571 2355 1686 2416 hoc
1724 2363 1784 2416 et
1820 2355 2012 2415 dolori
2049 2361 2109 2415 et
2145 2356 2350 2434 putori

211 2456 311 2506 127
325 2451 385 2503 et
430 2443 662 2504 vulneri
707 2443 980 2504 medetur
1027 2443 1345 2504 auriculae.
1428 2443 1725 2505 Corticem
1771 2444 1845 2504 de
1894 2444 2123 2504 fraxino
2168 2443 2349 2504 viridi

315 2533 614 2593 contunde
653 2552 722 2593 ac
760 2551 970 2593 sucum
1011 2534 1141 2593 eius
1180 2532 1445 2611 tepidum
1477 2533 1777 2594 auriculae
1805 2532 2052 2593 adsidue
2079 2532 2348 2614 infunde,
2375 2547 2438 2589 25

210 2621 512 2681 128donec
558 2630 927 2700 persanetur.
1006 2621 1139 2700 Mel,
1187 2638 1463 2702 myrram,
1509 2630 1742 2682 acetum
1790 2624 1852 2682 in
1901 2640 1964 2682 se
2013 2639 2235 2700 coques
2285 2629 2349 2682 et

210 2712 384 2771 129in
441 2728 644 2769 aurem
700 2710 967 2790 tepidum
1024 2712 1241 2769 mitteS.
1334 2709 1701 2772 Afronitrum
1750 2711 2235 2771 delicatissimum
2284 2720 2348 2771 ct

313 2798 429 2859 mel
477 2800 765 2877 optimum
813 2807 873 2858 et
910 2804 1142 2858 acetum
1181 2801 1539 2859 acerrimum
1577 2807 1852 2860 conteres
1888 2802 2115 2878 pariter
2153 2817 2347 2878 usque

314 2887 383 2947 ad
452 2886 749 2948 levitatem
811 2895 871 2947 et
926 2886 1286 2966 tepefactum
1345 2887 1644 2949 auriculae
1701 2889 1996 2950 infundes.
2089 2887 2346 2967 Propter

208 2989 310 3038 130
323 2976 598 3035 effectum
628 2976 992 3036 medicamen
1023 2978 1241 3036 iterum
1272 2978 1639 3055 scripsimus,
1695 2977 1868 3038 Porri
1896 2979 2103 3038 sectivi
2131 2995 2346 3039 sucum
2374 2994 2438 3035 ao

314 3072 375 3125 et
420 3062 628 3125 lotium
676 3067 805 3143 apri
851 3072 911 3124 et
957 3065 1151 3125 oleum
1199 3067 1511 3144 cyprinum
1549 3069 1677 3146 pari
1715 3066 1978 3145 pondere
2016 3067 2348 3146 coniunges

210 3163 383 3214 131et
438 3153 796 3232 tepefactum
854 3154 1099 3214 auribus
1153 3152 1487 3214 instillabiS.
1580 3154 1867 3236 Herham,
1925 3173 2074 3235 quae
2121 3154 2347 3217 Gallice

311 3250 592 3303 vernetus
639 3242 875 3328 dicitur,
923 3249 1197 3303 conteres
1236 3250 1297 3302 et
1334 3245 1632 3322 exprimes
1669 3252 1731 3304 et
1769 3263 1979 3305 sucum
2017 3246 2148 3304 eius
2187 3247 2347 3305 auri·

453 3400 485 3449 2
532 3394 715 3464 ysopi.
898 3402 929 3449 5
976 3393 1171 3450 audito
1217 3396 1492 3464 adperire.
1676 3401 1741 3450 12
1781 3396 2147 3467 gargaligant
2200 3400 2344 3468 (sic).

316 3471 380 3519 13
421 3468 659 3521 acetum.
819 3471 885 3520 19
924 3465 1067 3521 misi.
1214 3472 1283 3521 20
1322 3467 1533 3536 senopi.
1679 3466 1934 3522 rubricae
1972 3484 2073 3523 om.
2213 3476 2350 3539 post

310 3537 552 3605 gummis
592 3568 656 3576 ——
690 3535 727 3590 S
764 3538 894 3593 add.
933 3539 1135 3593 rubrae
1171 3568 1239 3579 -
1270 3536 1325 3593 S.
1453 3543 1523 3592 25
1561 3538 1802 3595 assidue.
1931 3544 2000 3595 33
2027 3546 2160 3609 post
2196 3542 2350 3597 auri-

311 3608 472 3661 culae
513 3609 639 3664 add.
681 3624 843 3676 quae.
