2575 4092
1119 245 1562 309 —90—

329 413 549 471 simum
595 409 837 472 redacta
883 428 1034 489 aqua
1080 408 1324 487 pluviali
1370 407 1612 486 colliges
1663 414 1723 467 et
1768 405 2008 486 collyria
2055 407 2194 468 inde
2241 409 2362 468 for-

223 511 325 560 195
339 499 544 580 mabiS,
592 517 743 579 quae
780 501 842 559 in
882 498 1092 560 umbra
1131 500 1450 559 siccentur.
1522 494 1844 575 Collyrium
1881 499 2119 557 nomine
2158 515 2362 558 mone·

328 608 538 650 meron
586 589 728 649 facit
774 588 847 648 ad
892 591 1152 666 impetus
1198 585 1573 666 lippitudinis
1620 604 1692 645 ex
1740 603 1849 644 ovo
1897 588 2229 665 inunctum,
2275 587 2362 646 ita

329 687 398 740 ut
435 696 570 739 cum
611 679 705 737 ovi
744 677 1139 757 liquidissimo
1179 678 1492 736 inunxeris
1528 674 1894 754 lippientem,
1941 673 2225 754 pusillum
2263 693 2363 735 su-

330 769 547 828 stineat
602 774 664 827 et
715 769 937 827 iterum
991 783 1130 826 eum
1185 766 1509 845 inungues3
1565 782 1741 843 quem
1794 782 1933 824 cum
1979 763 2071 824 bis
2117 771 2221 824 aut
2266 771 2362 825 ter
2391 778 2419 818 5

329 858 667 936 inunxeriS,
714 855 919 916 eadem
967 854 1062 915 die
1107 853 1346 914 iubebis
1392 853 1590 913 lavari.
1681 851 1807 914 Hoc
1863 852 2173 932 collyrium
2220 852 2365 913 facit

330 945 400 1006 ad
450 944 888 1006 scabritudines
934 952 994 1004 et
1040 943 1339 1003 diatheses
1385 941 1674 1003 tollendas
1720 960 1791 1001 ex
1839 959 1991 1020 aqua
2029 943 2365 1023 inunctum,

330 1037 547 1112 recipit
583 1042 782 1095 autem
820 1033 995 1093 haec:
1041 1032 1280 1112 Lapidis
1329 1031 1663 1092 haematitis
1700 1029 1752 1090 X
1788 1029 1915 1110 XII,
1950 1029 2364 1109 pompholygis

330 1122 382 1183 X
420 1121 547 1203 XII,
595 1124 757 1200 croci
802 1120 854 1181 X
892 1120 1019 1201 Xll,
1064 1139 1299 1200 myrrae
1348 1119 1397 1180 X
1438 1119 1563 1199 XII,
1610 1121 1765 1180 aeris
1812 1121 1936 1180 usti
1972 1118 2024 1179 X
2054 1118 2143 1199 VI,
2188 1120 2366 1179 nardi

331 1212 560 1291 Syriaci
604 1210 656 1270 X
694 1209 821 1291 XII,
865 1211 1092 1290 piperis
1138 1209 1258 1270 albi
1303 1227 1485 1288 grana
1529 1207 1657 1290 XX,
1703 1209 1826 1287 opii
1873 1207 1922 1267 X
1964 1207 2057 1289 VI,
2103 1210 2363 1287 gummis
2401 1225 2456 1266 10

331 1300 383 1360 X
422 1299 595 1360 VIIII.
668 1298 829 1359 Haec
875 1301 1152 1359 universa
1197 1301 1260 1358 in
1308 1298 1615 1377 pulverem
1658 1299 2075 1358 tenuissimum
2122 1296 2366 1357 redacta

332 1396 538 1469 postea
576 1407 711 1449 cum
751 1387 1001 1448 Falerno
1038 1389 1175 1448 vino
1213 1394 1492 1448 conteres
1519 1397 1697 1464 atque
1724 1386 1864 1446 inde
1894 1385 2134 1466 collyria
2164 1386 2365 1467 facieS,

225 1486 328 1536 196
344 1496 495 1557 quae
534 1476 637 1538 diu
665 1478 728 1537 in
757 1476 968 1537 umbra
998 1478 1318 1537 siccentur.
1379 1475 1701 1554 Collyrium
1730 1475 1825 1536 dia
1853 1474 2093 1536 libanon
2122 1474 2196 1534 ad
2226 1492 2364 1553 sup-

333 1568 679 1645 purationes
717 1564 1028 1627 oculorum
1067 1566 1384 1627 conficitur
1423 1567 1537 1625 sic:
1584 1563 1859 1625 Cadmiae
1896 1563 1949 1623 X
1987 1563 2046 1645 S,
2084 1581 2364 1624 cerussae

334 1655 385 1715 X
424 1655 501 1736 lI,
549 1658 671 1735 opii
715 1654 767 1715 X
807 1655 859 1735 Ι,
906 1657 1162 1734 gummis
1208 1653 1261 1713 X
1302 1653 1368 1735 S,
1415 1672 1585 1714 rosae
1634 1655 1828 1714 siccae
1874 1652 1926 1713 X
1964 1652 2006 1733 1,
2053 1654 2364 1730 gentianae
2402 1668 2451 1710 ιε

332 1744 384 1804 X
425 1744 493 1824 S;
538 1743 844 1823 pulverem
883 1746 1298 1805 tenuissimum
1346 1761 1418 1803 ex
1464 1742 1560 1803 his
1607 1742 1829 1803 factum
1872 1761 2009 1803 cum
2046 1759 2197 1820 aqua
2235 1741 2365 1820 plu-

227 1840 327 1890 197
344 1833 479 1894 viali
531 1842 692 1893 teres
748 1840 808 1894 et
859 1835 937 1894 ita
987 1833 1228 1912 collyria
1276 1831 1470 1911 qualia
1515 1830 1774 1891 volueris
1820 1830 2084 1910 effinges.
2177 1830 2365 1910 Colly-

335 1924 492 1982 rium
540 1922 633 1982 dia
680 1920 910 1999 lepidos
957 1924 1171 2001 accipit
1216 1921 1390 1982 haec:
1457 1919 1633 1981 Croci
1677 1919 1729 1979 X
1766 1918 1900 2000 IIII,
1948 1921 2145 1998 spicae
2192 1919 2368 1979 nardi

333 2010 385 2071 X
424 2010 498 2090 V,
545 2011 807 2072 cadmiae
854 2009 906 2070 X
944 2010 970 2070 Ι
1011 2010 1077 2091 8,
1132 2009 1547 2070 haematitidos
1595 2008 1645 2068 X
1683 2007 1735 2089 I,
1791 2009 2016 2088 piperis
2072 2026 2252 2087 grana
2301 2007 2366 2088 V,
2408 2043 2415 2048 -

334 2117 568 2178 myrrae
608 2099 659 2158 X
696 2098 738 2180 1,
777 2101 931 2159 aeris
970 2101 1091 2159 usti
1128 2098 1180 2158 X
1218 2098 1277 2179 S,
1317 2098 1545 2176 lepidae
1583 2096 1635 2157 X
1665 2098 1708 2178 l,
1745 2099 2001 2176 gummis
2030 2096 2154 2175 XI,
2192 2114 2363 2157 rosae
2396 2114 2449 2154 20

334 2187 540 2247 viridis
588 2186 865 2246 foliorum
910 2195 1300 2265 purgatorum
1347 2186 1399 2246 X
1435 2186 1514 2266 113
1559 2187 1725 2268 haec,
1772 2194 1840 2247 ut
1886 2204 2067 2265 supra
2113 2185 2186 2245 de
2235 2185 2365 2246 aliis

336 2275 596 2355 collyriis
653 2277 944 2354 scriptum
1002 2283 1120 2356 est,
1178 2278 1319 2336 trita
1374 2294 1525 2355 aqua
1581 2275 1824 2354 pluviali
1878 2274 2121 2353 subiges
2168 2282 2229 2335 et
2282 2277 2364 2335 ita

229 2364 584 2444 lasscollyria
633 2363 933 2424 formabis,
994 2364 1316 2444 Collyrium
1355 2365 1425 2425 ad
1465 2363 1852 2444 lippitudines
1900 2373 1960 2425 et
1995 2366 2220 2442 primos
2258 2365 2366 2423 im·

334 2461 510 2533 petus
557 2453 868 2514 oculorum
905 2454 1219 2515 conficitur
1258 2456 1372 2514 sic:
1418 2454 1665 2514 Acaciae
1702 2452 1754 2513 X
1790 2452 1862 2534 X,
1908 2452 2168 2513 cadmiae
2207 2470 2366 2512 com·

336 2543 544 2604 bustae
593 2550 655 2603 et
701 2543 774 2602 de
820 2543 971 2604 lacte
1019 2561 1283 2622 capruno
1324 2551 1426 2603 aut
1461 2541 1757 2623 muliebri,
1804 2541 1964 2621 quod
2003 2540 2217 2601 melius
2255 2550 2365 2622 est,
2396 2558 2447 2599 25

335 2634 631 2693 extinctae
678 2639 739 2692 et
783 2639 994 2692 tunsae
1042 2639 1103 2692 et
1138 2630 1435 2693 cribratae
1474 2640 1536 2691 et
1571 2630 1726 2691 lotae
1764 2630 1936 2711 bene,
1983 2630 2173 2690 donec
2213 2648 2366 2709 aqua

336 2723 466 2781 eius
511 2719 753 2799 limpida
783 2723 895 2800 sit,
941 2720 993 2780 X
1031 2720 1102 2782 X.
1177 2719 1305 2780 Hoc
1352 2738 1590 2800 quoque
1637 2719 1878 2799 pluviali
1924 2737 2076 2798 aqua
2123 2717 2367 2797 colliges

228 2814 332 2864 199
345 2818 407 2871 et
450 2811 532 2870 ita
580 2809 819 2889 collyria
867 2809 1168 2870 formabis
1241 2808 1563 2888 Collyrium
1611 2808 1706 2869 dia
1744 2811 1980 2890 misyoS,
2027 2808 2185 2887 quod
2225 2809 2369 2868 facit

336 2898 407 2959 ad
466 2899 869 2978 aspritudines
925 2898 1235 2960 oculorum
1291 2898 1581 2959 tollendas
1646 2907 1706 2959 et
1761 2897 1832 2958 ad
1889 2897 2163 2969 lacrimas
2228 2896 2366 2958 sub-

336 2988 732 3065 stringendaS,
780 2989 1138 3067 conponitur
1176 2988 1290 3047 sic:
1335 2986 1485 3066 Misy
1523 2986 1822 3047 conbures
1857 2986 1971 3046 hoc
2013 3003 2199 3066 more,
2244 2988 2364 3046 coi·
2397 3002 2449 3044 so

337 3078 460 3137 cies
516 3074 662 3136 illud
717 3078 779 3136 in
831 3076 1156 3156 pultarium
1203 3083 1266 3136 et
1311 3075 1595 3155 purgabis
1643 3083 1702 3136 et
1747 3077 1812 3135 in
1858 3076 2100 3136 furnum
2146 3075 2369 3154 mittes,

336 3173 403 3225 ut
448 3171 569 3225 tam
617 3165 722 3226 diu
770 3172 1080 3245 coquatur,
1127 3166 1318 3226 donec
1367 3166 1445 3225 sit
1494 3167 1900 3242 sanguineum.
1982 3162 2175 3223 Huius
2223 3181 2367 3242 ergo

337 3253 389 3313 X
426 3252 492 3334 V,
549 3256 745 3332 spicae
802 3254 975 3314 nardi
1021 3253 1073 3314 X
1110 3253 1184 3335 V,
1240 3255 1405 3314 croci
1459 3253 1628 3334 XII,
1684 3254 1946 3314 cadmiae
1993 3251 2045 3313 X
2084 3252 2152 3333 S,
2210 3254 2370 3313 aeris

337 3345 461 3404 usti
506 3342 557 3402 X
599 3342 666 3425 S,
723 3345 845 3422 opii
899 3343 951 3403 X
991 3343 1058 3423 S,
1114 3361 1348 3422 myrrae
1404 3342 1456 3402 X
1498 3342 1563 3424 S,
1621 3341 1851 3422 lepidae
1909 3340 2158 3421 Cypriae
2215 3340 2268 3401 X
2310 3340 2370 3422 8,

480 3555 515 3604 4
551 3548 886 3618 inuncxeris,
916 3551 1040 3605 item
1070 3555 1117 3603 6.
1205 3556 1234 3604 ’1
1266 3548 1557 3604 diathesis.
1651 3554 1715 3603 13
1746 3547 2076 3604 dialibanos.
2163 3552 2234 3602 28
2265 3546 2372 3603 mi-

337 3620 465 3689 sios,
503 3617 752 3678 itmn'30.
898 3626 966 3675 32
1004 3621 1071 3675 ut
1106 3636 1206 3676 om.
1356 3626 1423 3675 33
1460 3619 1606 3675 aeris
1643 3620 1757 3675 usti
1799 3618 1853 3673 X
1891 3620 1927 3675 8
1965 3636 2065 3676 om.
