2575 4092
192 1384 264 1434 34

194 2449 261 2500 35

194 2629 261 2678 36

196 3251 263 3301 37

1081 271 1158 281 -
1261 233 1564 300 198-

305 395 451 457 haec
508 399 870 479 conpositio,
925 416 1062 458 cum
1117 396 1334 458 habeat
1389 400 1451 458 in
1508 417 1572 459 se
1633 397 1779 458 nihil
1842 401 2020 460 taetri
2082 399 2344 460 medica·

304 487 508 567 menti,
546 486 620 546 ad
657 485 1021 547 inflationem
1059 486 1351 548 stomachi
1380 495 1441 547 et
1469 486 1795 548 cruditates
1824 496 1884 548 et
1911 487 2109 548 acidas
2138 495 2341 549 ructa-

304 575 498 635 tiones
544 582 605 636 et
652 575 727 635 ad
772 577 999 636 ventris
1046 575 1313 637 dolorem
1360 583 1419 636 et
1465 578 1674 637 urinae
1717 576 2128 637 difficultatem
2166 585 2228 637 et
2266 576 2344 637 ad

303 663 584 724 convulsa
630 665 994 726 intrinsecus
1037 672 1098 725 et
1133 673 1310 744 rupta
1348 666 1545 725 omnia
1583 673 1644 725 et
1680 666 1753 726 ad
1788 665 2099 747 horrores;
2138 673 2341 726 movet

303 755 481 812 etiam
518 762 826 814 menstrua
862 753 1201 834 mulierum,
1240 772 1376 815 cum
1415 753 1736 815 difficulter
1771 762 2121 833 purgantur.
2186 753 2344 815 Item
2370 772 2399 813 5

302 840 563 902 detrahit
600 844 653 901 si
691 861 805 921 qua
845 861 913 903 ex
954 851 1131 921 partu
1171 852 1273 904 aut
1311 842 1529 903 aborsu
1566 844 1933 904 intrinsecus
1961 844 2169 904 nociva
2198 842 2342 904 sub·

303 931 594 1012 stiterint3
642 931 818 992 datur
862 933 1105 992 omnino
1154 933 1282 992 sine
1326 939 1490 992 metu
1528 938 1590 992 et
1626 933 1843 992 ieiunis
1881 941 1943 992 et
1978 939 2114 993 ante
2153 950 2341 992 cenae

301 1028 540 1098 tempus
578 1026 639 1080 et
674 1028 813 1098 post
848 1038 1055 1080 cenam
1095 1021 1164 1080 ad
1204 1038 1548 1082 mensuram
1586 1021 1816 1081 denarii
1850 1022 2030 1081 unius
2066 1020 2159 1080 vel
2191 1021 2341 1081 duo·

302 1126 436 1168 rum
483 1127 556 1168 ex
603 1127 790 1188 aquae
838 1109 1066 1188 cyathis
1111 1109 1308 1171 tribus
1363 1117 1425 1170 et
1475 1112 1527 1168 si
1572 1108 1708 1187 plus
1754 1109 2036 1188 ponderis
2084 1108 2341 1189 quilibet

303 1198 643 1278 sumpserit,
690 1214 810 1256 non
857 1196 1143 1258 laedetur.
1213 1197 1571 1277 Praegnanti
1608 1216 1728 1258 non
1776 1207 1868 1259 est
1913 1198 2172 1259 dandum
2219 1198 2337 1259 hoc
2367 1219 2426 1259 ιο

300 1284 799 1345 medicamentum
844 1304 957 1347 nec
1005 1284 1387 1348 febricitanti.

478 1372 826 1434 Antidotum
882 1374 1297 1436 Philonianum
1354 1376 1426 1436 ad
1484 1394 1693 1436 omnes
1747 1377 2018 1436 internos
2078 1374 2337 1456 dolores,

301 1462 461 1541 quod
507 1462 580 1523 ad
628 1465 932 1525 tensiones
979 1464 1269 1525 stomachi
1325 1474 1385 1526 et
1432 1466 1965 1544 empneumatosim
2010 1465 2334 1545 praecipue

299 1550 465 1631 facit,
521 1551 726 1613 colicis
781 1571 1019 1632 quoque
1076 1554 1348 1634 prodest,
1404 1553 1622 1634 quibus
1677 1555 1738 1613 in
1796 1552 2000 1614 dolore
2056 1571 2130 1614 ex
2179 1571 2335 1632 aqua

299 1640 512 1719 frigida
568 1640 768 1722 datur,
825 1643 1043 1703 ceteris
1101 1660 1173 1703 ex
1229 1641 1417 1721 calida
1473 1661 1610 1704 cum
1662 1641 1915 1720 oxymeli
1961 1642 2091 1703 dari
2138 1640 2336 1723 debet,
2365 1659 2422 1700 15

298 1736 527 1790 tussem
569 1730 752 1805 sedat,
792 1732 1078 1792 tertianas
1107 1731 1358 1792 mirifice
1387 1730 1540 1792 tollit
1577 1738 1714 1791 ante
1744 1737 2112 1791 momentum
2140 1733 2336 1810 suspi-

301 1819 489 1878 cionis
548 1817 777 1900 datum3
834 1819 1111 1881 omnibus
1168 1828 1367 1881 autem
1423 1820 1497 1880 ad
1552 1820 1793 1880 modum
1847 1819 2017 1879 fabae
2071 1818 2337 1880 dandum

301 1908 432 1988 erit,
480 1916 712 1969 constat
748 1927 821 1968 ex
857 1909 983 1970 his:
1028 1907 1202 1970 Croci
1233 1901 1313 1995 ,9-
1343 1907 1462 1990 XV,
1499 1907 1771 1988 pyrethri
1808 1910 2190 1988 semunciam,
2227 1927 2337 1968 eu-

300 1995 459 2056 forbi
505 2000 888 2078 semunciam,
932 2000 1130 2076 spicae
1169 1998 1341 2058 nardi
1379 1998 1762 2077 semunciam,
1809 1999 2033 2076 piperis
2070 1996 2187 2058 albi
2224 2014 2336 2057 un-

300 2087 423 2145 cias
470 2086 616 2146 duas
664 2088 862 2165 semiS,
908 2085 1250 2166 hyoscyami
1288 2087 1495 2147 uncias
1533 2085 1681 2147 duas
1720 2087 1917 2165 semiS,
1964 2088 2087 2164 opii
2115 2078 2194 2171 ,9-
2223 2084 2336 2167 1113
2363 2105 2424 2145 zo

299 2173 510 2234 melior
549 2176 682 2254 erit,
722 2177 774 2233 si
811 2174 991 2234 addas
1029 2174 1366 2253 petrosilini
1405 2167 1612 2260 2111,
1650 2174 1827 2235 dauci
1863 2173 2083 2235 Cretici
2113 2166 2192 2259 ,9-
2222 2174 2336 2256 1113

301 2260 601 2339 colligitur
646 2262 819 2323 melle
858 2264 1055 2324 Attico
1103 2270 1164 2322 et
1209 2264 1272 2322 in
1320 2281 1459 2323 vaso
1505 2265 1694 2324 vitreo
1743 2262 1852 2323 sub
1897 2262 2200 2342 signaculo
2237 2281 2336 2324 re-

299 2352 561 2429 ponitur.

479 2439 796 2500 Stomacho
852 2438 1147 2500 laboranti
1192 2438 1429 2501 cocleae
1475 2450 1755 2520 prosunt,
1812 2442 1865 2500 si
1909 2442 1973 2500 in
2019 2458 2170 2519 aqua
2216 2440 2338 2500 fer-

298 2536 475 2589 veant
520 2536 580 2589 et
627 2530 714 2589 sic
761 2527 1122 2590 carbonibus
1168 2536 1514 2591 torreantur
1560 2537 1737 2609 atque
1785 2531 1868 2590 ita
1915 2547 1985 2589 ex
2035 2547 2335 2608 oenogaro
2363 2549 2423 2591 25

301 2624 614 2678 sumantur
668 2619 862 2696 inpari
928 2636 1196 2679 numero.
1291 2617 1674 2679 Stomachum
1730 2619 2217 2679 reumatizantem
2273 2626 2341 2679 et

300 2706 601 2766 dolentem
647 2714 707 2766 et
751 2705 1132 2785 languentem
1179 2713 1240 2767 et
1286 2707 1643 2767 dissolutum
1681 2709 1941 2786 primum
1978 2709 2206 2767 mansio
2243 2706 2337 2768 lu-

301 2794 432 2856 cida
477 2803 538 2855 et
585 2813 704 2855 non
750 2797 1000 2856 nimium
1047 2795 1259 2875 frigida
1307 2814 1418 2857 nec
1467 2798 1609 2857 satis
1655 2795 1843 2857 calida
1897 2794 2050 2856 bene
2098 2798 2340 2877 accipit,

300 2892 429 2945 tum
485 2883 839 2962 cataplasma
896 2885 1026 2945 fieri
1085 2884 1263 2945 debet
1310 2884 1383 2945 de
1430 2884 1587 2945 foliis
1631 2886 1840 2946 vitium
1888 2884 1981 2945 vel
2027 2886 2080 2944 si
2125 2887 2338 2945 vineae

300 2972 441 3033 folia
493 2991 613 3033 non
668 2973 919 3052 fuerint,
978 2974 1051 3034 de
1108 2975 1360 3035 rumicis
1418 2975 1541 3033 sive
1596 2972 1735 3033 rubi
1789 2972 1948 3034 foliis
2004 2972 2096 3033 vel
2142 2973 2216 3033 de
2264 2993 2339 3035 ea
2366 2993 2428 3034 so

302 3063 641 3122 summitate
679 3061 834 3144 rubi,
882 3081 1032 3142 quae
1073 3064 1216 3123 satis
1254 3071 1461 3123 tenera
1499 3070 1607 3122 est.
1671 3060 1799 3123 Hoc
1837 3061 2156 3140 diligenter
2193 3065 2340 3124 teri·

300 3158 401 3210 tur
448 3169 587 3210 cum
633 3150 884 3212 dactulis
932 3154 1196 3231 quinque
1242 3152 1581 3212 minutatim
1638 3153 1859 3231 carptis
1905 3154 1967 3212 in
2013 3160 2182 3212 aceto
2230 3151 2342 3214 diu

303 3241 633 3300 maceratis.
682 3237 1079 3319 Epithematio
1110 3247 1310 3301 autem
1347 3239 1460 3301 hoc
1495 3246 1630 3321 post
1658 3240 2013 3320 cataplasma
2042 3242 2131 3301 uti
2158 3258 2341 3320 opor·

484 3399 510 3445 1
550 3391 610 3446 in
648 3410 706 3448 se
744 3410 843 3449 om.
990 3399 1025 3446 4
1065 3394 1392 3448 convulsam
1428 3392 1789 3449 intrensecus.
1936 3399 1967 3447 6
2008 3409 2213 3448 auorsu
2248 3394 2339 3450 in—

300 3466 605 3519 trensecus.
770 3470 801 3518 9
841 3464 1126 3533 quislibet.
1288 3470 1353 3518 12
1390 3463 1737 3519 filonianum.
1885 3471 1949 3520 13
1988 3464 2340 3533 empleuma-

300 3535 485 3591 tieem.
633 3542 698 3589 15
738 3533 981 3589 oximeli.
1139 3540 1204 3588 18
1239 3534 1456 3605 piretri.
1610 3542 1680 3590 25
1719 3551 1988 3606 ynogaro.
2132 3541 2202 3591 28
2239 3554 2341 3594 ac-

304 3605 470 3677 cepit.
617 3612 683 3661 33
723 3605 1100 3676 epithymatio
1136 3606 1244 3661 hoc
1282 3608 1489 3662 autem.
