2575 4092
1055 233 1488 299 ...23-

253 399 548 459 mationes
591 398 1115 477 inportunissimas
1158 397 1406 478 faciunt,
1446 414 1596 476 quae
1639 397 1869 460 adiecta
1907 399 2096 461 calida
2130 418 2284 480 aqua

254 486 509 566 amplius
556 504 802 547 necesse
840 494 934 547 est
966 488 1324 547 excitentur.
1391 485 1535 547 Inde
1569 503 1717 566 ergo
1753 497 1964 550 venter
1999 489 2285 571 durescit,

252 575 499 637 inflatur
537 575 757 656 pulmo,
796 574 965 654 splen
998 574 1382 650 distenditur,
1425 577 1640 655 pinnae
1678 581 1858 637 ettam
1895 579 2112 639 iecoris
2149 596 2284 657 por-

249 666 562 744 riguntur,
616 663 834 743 quibus
888 671 1344 743 coangustatum
1395 672 1457 725 et
1501 672 1831 726 coartatum
1877 665 1957 728 fel
2003 668 2282 746 exprimi-

191 780 219 821 5
249 761 380 835 tur,
429 772 548 832 quo
594 753 793 814 infuso
839 754 1134 832 tinguitur
1174 771 1395 833 corpus
1429 761 1508 834 et·
1529 754 1595 815 fit
1630 752 1876 816 luteum.
1954 755 2104 816 Cum
2140 773 2282 835 ergo
2319 763 2354 815 6

246 845 598 922 pervenerit
660 841 734 903 ad
793 859 863 902 ea
916 841 1043 903 loca
1098 859 1411 921 venarum,
1475 844 1538 903 in
1598 860 1749 922 quae
1804 843 2015 923 pocula
2069 843 2283 906 hausta

247 931 652 1012 descendunt,
708 931 827 991 duo
875 930 1024 991 mala
1068 932 1299 1011 iuncta,
1358 931 1416 992 id
1473 939 1566 992 est
1611 949 1711 992 res
1757 934 1912 994 acris
1958 951 2026 995 ac
2071 932 2282 1011 dulcis,

247 1023 374 1081 cito
434 1020 718 1081 auferunt
770 1021 1051 1100 animam3
1116 1021 1295 1081 sicuti
1345 1027 1655 1100 petrarum
1707 1020 2040 1084 umidarum
2097 1022 2282 1084 sudor

245 1110 378 1188 igni
432 1108 742 1170 subiectus
796 1110 914 1169 cito
972 1107 1329 1170 absorbetur
1374 1108 1447 1170 ab
1493 1111 1645 1191 igni,
1691 1118 1860 1188 petra
1905 1120 2106 1173 autem
2153 1114 2282 1191 ipsa

164 1225 219 1265 ιο
249 1205 467 1259 exusta
503 1206 563 1259 et
596 1205 973 1258 concremata
1013 1198 1255 1277 sfongea
1301 1199 1583 1278 efficitur,
1631 1199 1789 1260 unde
1835 1199 1962 1261 calx
2011 1200 2102 1261 vel
2140 1218 2281 1280 gyp-

245 1305 385 1348 sum
430 1288 766 1348 conficitur.
836 1286 921 1347 lta
969 1286 1164 1347 calore
1211 1287 1468 1349 febrium
1504 1290 1861 1367 excoquitur
1897 1291 2108 1351 vitium
2146 1307 2280 1350 cru·

244 1375 455 1437 ditatis
494 1375 881 1455 ciborumque
921 1378 1244 1454 congestio·
1292 1375 1524 1447 Quibus
1561 1381 1933 1457 consumptis
1962 1386 2023 1440 et
2048 1380 2280 1440 exustis

243 1465 466 1543 frigida
511 1467 641 1525 sine
688 1464 869 1525 dubio
916 1464 1402 1543 superfundenda
1439 1474 1549 1546 est,
1595 1484 1670 1527 ne
1708 1469 1947 1545 penitus
1988 1475 2278 1529 arescent.

241 1553 398 1614 Nam
446 1555 728 1614 nimirum
775 1555 1069 1634 aestimaS,
1115 1572 1150 1613 o
1196 1553 1353 1616 bone
1398 1556 1740 1635 impe-rator,
1786 1555 2034 1617 calidam
2082 1564 2142 1617 et
2179 1557 2279 1616 fri-

161 1669 215 1711 15
243 1641 447 1723 gidam
493 1641 844 1703 mortalibus
887 1642 1177 1703 inclusam
1225 1660 1359 1704 esse
1406 1642 1778 1723 corporibus,
1825 1662 1967 1704 cum
2013 1644 2278 1723 singulae

242 1750 349 1793 res
394 1734 698 1811 propriam
743 1729 998 1791 habeant
1046 1739 1336 1793 naturam.
1409 1729 1569 1810 Ignis
1614 1734 1830 1812 ignem,
1877 1750 2029 1812 aqua
2067 1750 2279 1812 aquam

244 1820 576 1902 desiderat3
634 1820 737 1881 sed
785 1819 857 1880 ad
904 1820 1117 1881 horum
1164 1820 1524 1900 iungendam
1571 1821 1916 1881 societatem
1963 1823 2085 1881 sive
2131 1830 2279 1882 tem·

243 1911 578 1989 perantiam
634 1908 1068 1988 procurandam
1125 1909 1406 1971 silvarum
1463 1911 1741 1971 materies
1785 1908 2133 1990 lignumque
2179 1910 2278 1971 de·

245 2000 544 2078 poscitur,
609 1998 769 2078 quod
825 2006 885 2059 et
938 2000 1130 2059 nutrit
1195 2017 1261 2059 ac
1328 2000 1578 2059 suscitat
1634 2006 1694 2059 et
1749 2000 1906 2078 rapit
1962 2001 2162 2078 ignem
2217 2008 2278 2061 et

158 2110 219 2151 20
247 2087 525 2166 frigidam
574 2088 751 2148 vertit
796 2088 856 2146 in
902 2086 1180 2169 calidam3
1228 2087 1333 2149 sed
1380 2105 1498 2149 non
1541 2089 1626 2148 ita
1668 2089 1731 2148 in
1769 2087 1943 2150 nobis
1982 2098 2075 2150 est
2111 2107 2276 2150 coae-

247 2175 568 2257 quandum.
616 2176 834 2254 Accipe
878 2177 1079 2256 igitur,
1127 2178 1507 2237 serenissime
1553 2179 1895 2257 imperator,
1941 2178 2097 2258 quod
2137 2197 2274 2240 con-

244 2267 494 2326 veniens
549 2263 722 2325 nobis
778 2272 1024 2344 putetur
1079 2265 1442 2345 exemplum:
1508 2265 1876 2327 thermarum
1928 2268 2157 2329 scilicet
2202 2266 2274 2328 ab

244 2373 312 2415 se
359 2353 686 2415 calidarum
728 2355 936 2414 mixtio
983 2361 1328 2436 temperata,
1374 2353 1480 2416 ubi
1524 2373 1635 2416 nec
1680 2357 1836 2434 ignis
1881 2356 2117 2417 videtur
2162 2374 2274 2416 nec

244 2443 473 2522 lignum
532 2445 901 2523 suggoeitur‚
954 2443 1073 2502 nisi
1127 2461 1309 2522 vapor
1361 2443 1527 2504 solus
1582 2454 1793 2523 sponte
1844 2446 2160 2506 conficitur
2215 2452 2276 2505 et

158 2555 216 2595 25
246 2551 351 2593 aer
397 2531 625 2593 calidus
673 2533 800 2592 sine
846 2530 1048 2591 labore
1094 2533 1369 2593 sentitur.
1441 2531 1650 2593 Nonne
1695 2532 1816 2594 duo
1863 2551 2048 2593 unum
2091 2529 2275 2594 sunt?

246 2629 311 2682 et
366 2621 600 2681 diversa
652 2629 832 2699 atque
889 2623 1185 2680 contraria
1238 2623 1493 2682 invicem
1540 2618 1836 2700 prosunt?
1896 2621 2091 2683 divina
2137 2640 2273 2701 pro·

244 2710 507 2771 videntia
565 2708 789 2770 salubri
842 2710 1237 2788 permixtione
1295 2729 1362 2771 ac
1417 2712 1707 2788 temperie
1762 2719 2078 2788 procurata
2128 2729 2274 2771 non·

243 2798 470 2860 nullam
509 2798 863 2877 corporibus
900 2796 1210 2858 abluendis
1247 2801 1559 2860 sanitatem
1594 2807 1899 2878 praestent
1937 2807 2275 2879 competen-

246 2897 490 2967 temque
534 2887 889 2948 medicinam
936 2886 1292 2966 praebentes
1337 2890 1531 2948 varios
1578 2887 1893 2967 languores
1940 2906 1973 2948 a
2011 2890 2274 2967 corpori-

163 2998 218 3040 so
245 2977 362 3039 bus
399 2976 736 3038 mortalium
775 2972 1050 3055 pellunt?
1114 2975 1271 3037 Haec
1310 2995 1445 3038 cum
1476 2979 1556 3037 ita
1587 2978 1723 3058 sint,
1764 2976 1910 3037 nihil
1949 2977 2107 3038 aliud
2136 2995 2274 3038 reor

243 3065 599 3128 mortalibus
644 3064 1051 3144 praebendum
1097 3067 1215 3126 nisi
1260 3064 1322 3125 id
1371 3066 1555 3145 quod,
1602 3085 1738 3127 cum
1786 3066 2008 3127 infirmi
2055 3074 2272 3141 essent,

245 3155 738 3217 desideraverunt
793 3161 853 3214 et
907 3152 1168 3214 oblatum
1218 3153 1340 3216 sibi
1392 3154 1690 3234 profuisse
1748 3163 2082 3217 senserunt.
2165 3154 2272 3215 His

243 3262 389 3324 ergo
435 3251 692 3323 utamur,
740 3241 956 3322 quibus
1004 3260 1210 3303 sumus
1247 3243 1400 3303 bene
1438 3246 1669 3324 experti
1705 3252 1767 3304 et
1803 3263 2059 3324 quorum
2096 3243 2273 3305 bene·

243 3334 379 3394 ficio
422 3333 738 3395 ‘consecuti
784 3348 989 3393 sumus
1036 3331 1353 3410 optabilem
1399 3335 1729 3394 sanitatem.
1804 3332 1953 3394 Nam
2000 3332 2272 3394 similiter
2310 3339 2343 3388 8

263 3595 270 3603 ,
387 3546 421 3594 3
459 3538 668 3609 pinnae
703 3543 801 3593 Im
832 3553 1056 3608 pennae
1092 3541 1206 3592 2m.
1345 3543 1374 3591 7
1413 3536 1472 3591 id
1508 3539 1617 3609 est]
1656 3538 1802 3593 inde.
1932 3545 1995 3592 10
2034 3538 2271 3609 spongia

242 3628 310 3669 ex
347 3610 586 3681 sfongea
622 3625 757 3666 corr.
905 3614 969 3662 12
1009 3607 1254 3663 exaustis
1292 3614 1409 3664 zm.
1555 3616 1623 3664 22
1662 3625 1697 3662 a
1733 3626 1799 3664 ex
1837 3609 1908 3663 ab
1946 3625 2083 3666 corr.
