2575 4092
1070 247 1554 312 —102—

293 421 362 475 ut
407 411 719 474 considant
764 412 997 492 sordes,
1044 420 1105 472 et
1150 418 1286 490 post
1331 409 1479 470 haec
1524 410 1772 489 colabiS,
1819 418 1886 469 ut
1932 411 2013 469 sit
2058 408 2328 486 liquidis·

293 504 481 562 simus
527 519 736 582 sucus3
782 501 855 562 de
901 500 1013 561 hoc
1061 500 1294 579 liquore
1343 498 1491 560 duas
1536 507 1737 578 partes
1781 500 1982 559 mittes
2037 508 2098 557 et
2147 514 2327 558 unam

292 590 486 652 mellis
541 589 824 651 stillaticii
879 600 982 650 aut
1036 596 1200 650 certe
1256 590 1439 648 Attici
1494 590 1702 667 optimi
1766 596 1828 648 et
1882 589 1970 647 sic
2025 586 2329 663 decoques

292 681 356 740 in
393 697 530 739 vase
568 677 790 758 duplici
828 678 899 739 ad
939 680 1174 758 tertias;
1220 686 1349 738 tum
1387 676 1703 738 decoctum
1741 674 2032 736 recondes
2080 684 2141 735 et
2187 693 2329 735 cum

292 786 443 848 opus
501 767 709 848 fuerit,
764 766 1021 828 calidum
1077 784 1186 845 per
1241 764 1550 845 specillum
1608 763 1957 825 medicinale
2011 766 2075 824 in
2121 781 2328 825 aurem
2358 778 2385 820 5

291 856 572 917 infundes
627 858 735 938 ita,
793 864 861 918 ut
914 856 1295 935 postmodum
1349 857 1538 933 ipsam
1597 855 1671 914 de
1726 853 1857 914 lana
1915 855 2142 913 marino
2188 870 2328 912 con·

188 958 257 1008 74
294 944 489 1025 chylio
552 944 770 1006 infecta
836 943 1091 1006 claudas,
1183 942 1428 1004 Cunilae
1493 942 1701 1004 viridis
1769 960 1952 1002 sucus
2006 958 2330 1020 expressus

190 1046 256 1096 ⁷5
295 1041 475 1112 atque
528 1034 829 1094 auriculae
887 1032 1122 1094 infusus
1177 1034 1353 1093 unice
1410 1031 1674 1093 dolorem
1720 1030 1891 1091 tollit.
1983 1019 2329 1091 Vettonicae

294 1121 514 1183 herbae
580 1122 786 1183 viridis
848 1131 910 1183 et
965 1123 1226 1182 recentis
1282 1120 1421 1181 folia
1476 1119 1568 1181 vel
1623 1138 1733 1199 per
1788 1138 1854 1179 se
1911 1119 2003 1179 vel
2058 1121 2120 1180 in
2176 1136 2329 1196 aqua

291 1210 618 1272 madefacta
664 1214 843 1272 terito
891 1228 1224 1289 sucumque
1270 1227 1478 1270 eorum
1518 1211 1795 1289 excipito,
1842 1208 2056 1269 deinde
2095 1208 2328 1268 adiecto
2361 1225 2417 1264 io

294 1318 464 1361 rosae
534 1318 677 1360 suco
743 1309 846 1360 aut
899 1317 1145 1359 rosaceo
1201 1297 1332 1358 oleo
1388 1298 1589 1377 tepido
1653 1299 1716 1358 in
1786 1315 1991 1358 aurem
2046 1295 2331 1357 instillato

191 1403 258 1452 '16
297 1389 546 1468 lanaque
593 1387 871 1470 claudito,
914 1390 1133 1448 mirum
1177 1394 1286 1447 est.
1363 1386 1428 1447 Si
1466 1385 1730 1448 auricula
1766 1388 2022 1447 interius
2059 1385 2332 1446 ulcerosa

296 1479 437 1558 erit,
493 1478 659 1556 porri
705 1479 911 1538 sectivi
960 1495 1171 1537 sucum
1208 1473 1272 1536 8
1313 1474 1338 1535 Ι
1384 1494 1522 1536 cum
1570 1474 1760 1535 mellis
1806 1475 2044 1535 hemina
2090 1474 2160 1534 ad
2208 1481 2330 1534 ter·

298 1568 410 1627 tias
466 1565 782 1645 decoquito
834 1573 893 1626 et
948 1584 1058 1645 per
1111 1565 1305 1626 lanam
1352 1564 1619 1643 tepidum
1667 1566 1730 1624 in
1777 1582 1981 1624 aurem
2027 1562 2330 1623 instillato.

190 1668 255 1718 '17
298 1654 594 1716 Cannabis
651 1655 927 1716 foliorum
983 1673 1165 1715 sucus
1221 1652 1522 1715 auriculae
1577 1653 1899 1713 instillatus
1955 1670 2185 1713 vermes
2240 1653 2331 1711 in·
2363 1668 2420 1709 15

295 1753 465 1805 natos
502 1744 737 1805 necabit
774 1753 836 1805 et
872 1746 925 1804 si
961 1744 1118 1822 quod
1158 1742 1317 1803 aliud
1356 1741 1572 1802 animal
1607 1744 1947 1821 inrepserit,
1993 1742 2331 1803 interficiet.

190 1845 256 1895 78
296 1832 577 1893 Eiusdem
635 1835 879 1894 seminis
930 1833 1137 1907 viridis
1185 1850 1367 1893 sucus
1412 1830 1733 1892 instillatus
1779 1829 2046 1891 dolorem
2092 1847 2333 1890 omnem

191 1934 255 1984 79
296 1920 595 1983 auriculae
650 1930 930 2001 potenter
984 1923 1211 1982 avertit.
1307 1920 1497 2000 Cepae
1554 1938 1736 1981 sucus
1794 1938 1929 1980 cum
1977 1918 2149 1979 melle
2195 1936 2332 1997 per-

293 2013 516 2072 mixtus
562 2018 622 2071 et
667 2010 966 2071 auriculae
1014 2008 1335 2070 instillatus
1382 2011 1642 2087 graviter
1687 2008 1997 2069 audientes
2036 2008 2330 2088 emendat,

295 2098 561 2158 dolorem
608 2098 793 2180 sedat,
845 2098 1161 2177 purulenta
1210 2105 1519 2178 expurgat,
1566 2116 1798 2158 vermes
1844 2106 2070 2176 enecat,
2116 2114 2330 2176 aquam
2360 2114 2419 2153 no

296 2188 501 2267 etiam,
567 2204 718 2266 quae
778 2191 1044 2264 ingressa
1102 2186 1309 2268 fuerit,
1366 2196 1427 2247 et
1481 2205 1717 2247 omnem
1776 2204 2046 2247 umorem
2110 2186 2330 2246 educit.

188 2286 258 2337 80
297 2275 610 2354 Cyminum
666 2275 938 2336 silvestre
990 2278 1315 2336 contritum
1363 2283 1424 2336 et
1470 2294 1615 2336 suco
1663 2284 1833 2336 rutae
1879 2277 2195 2335 inmixtum
2240 2277 2330 2334 in·

207 2361 212 2366 ’
296 2363 699 2444 stillatumque
746 2363 1047 2426 auriculae
1094 2365 1361 2425 dolorem
1407 2363 1579 2444 lenit,
1640 2372 1847 2425 ventos
1894 2382 2134 2443 quoque
2179 2365 2331 2424 inte-

295 2456 423 2513 rius
470 2462 751 2514 sonantes
796 2462 1065 2515 removet
1109 2461 1287 2532 atque
1336 2471 1511 2513 omne
1558 2455 1764 2513 vitium
1813 2462 2089 2532 potenter
2131 2470 2331 2512 emen-

188 2553 255 2602 81
296 2540 410 2604 dat.
485 2541 760 2623 Herbam,
790 2560 965 2621 quam
996 2542 1208 2603 Graeci
1235 2541 1588 2622 polygonon,
1617 2559 1727 2602 nos
1754 2540 1981 2620 aliquot
2007 2540 2332 2621 vocabulis,
2359 2557 2422 2598 25

297 2630 401 2691 sed
448 2634 767 2711 praecipue
815 2630 1219 2710 sanguinalem
1267 2631 1540 2710 dicimuS,
1587 2633 1736 2691 mira
1784 2631 2045 2691 efficacia
2093 2628 2332 2690 dolores

296 2720 529 2780 aurium
588 2719 888 2781 discutere
946 2722 1122 2781 etiam
1181 2737 1293 2780 nos
1340 2721 1571 2798 experti
1618 2737 1852 2798 sumuS,
1908 2721 1962 2779 si
2008 2736 2332 2798 expressus

189 2819 257 2870 82
297 2826 479 2869 sucus
517 2810 647 2870 eius
684 2809 1015 2889 tepefactus
1044 2807 1291 2869 auribus
1319 2808 1658 2871 instilletur.
1734 2808 2081 2869 Senecionis
2108 2806 2332 2868 herbae

301 2915 482 2959 sucus
538 2916 675 2959 cum
731 2897 959 2978 liquido
1014 2896 1199 2957 nardo
1253 2896 1576 2958 instillatus
1631 2905 1692 2957 et
1736 2897 1974 2957 dolores
2020 2904 2082 2957 et
2126 2895 2335 2957 ulcera

199 2996 267 3047 83
305 2989 539 3047 aurium
607 2994 789 3047 sanat.
891 2986 1102 3048 Oleum
1166 2985 1465 3047 laurinum
1522 2986 1736 3066 strigili
1790 2986 2018 3047 ferreae
2073 2984 2332 3046 inditum
2361 3002 2429 3043 so

302 3081 480 3153 atque
530 3077 610 3136 ita
660 3074 1009 3137 calefactum
1056 3076 1439 3153 infusumque
1487 3075 1786 3136 auriculae
1833 3074 2097 3135 dolorem
2146 3072 2336 3135 sedat.

191 3173 261 3223 84
301 3161 545 3224 Vermes
585 3182 655 3224 ex
703 3164 968 3243 qualibet
1013 3164 1225 3224 arbore
1272 3162 1442 3224 rubri
1490 3162 1709 3225 coloris
1746 3166 1989 3224 contriti
2025 3181 2162 3223 cum
2202 3162 2336 3223 oleo

187 3263 260 3313 85
300 3260 361 3313 et
406 3252 588 3313 infusi
635 3251 873 3314 dolores
917 3255 1152 3314 aurium
1192 3252 1420 3313 sedant.
1494 3253 1660 3332 Aqua
1698 3255 1963 3330 ingressa
2004 3251 2336 3313 auriculam

297 3342 349 3402 si
396 3340 661 3402 dolorem
708 3342 909 3423 faciet,
965 3341 1104 3403 rubi
1149 3345 1344 3403 teneri
1391 3359 1573 3401 sucus
1620 3359 1940 3420 expressus
1987 3350 2048 3402 et
2091 3341 2336 3403 infusus

440 3553 472 3602 6
530 3548 848 3621 specillum]
897 3547 1131 3621 spicille.
1364 3554 1397 3603 6
1436 3547 1670 3606 marina.
1887 3545 2182 3616 conchylio
2226 3517 2337 3603 bm.

299 3624 331 3674 7
368 3616 699 3677 inconfecta.
851 3626 914 3675 12
955 3618 1229 3691 claudito]
1266 3619 1433 3675 cladi.
1580 3624 1649 3673 28
1688 3617 1998 3674 senitionis.
