2575 4092
226 409 299 460 40

232 764 300 812 41

234 1116 304 1166 42

240 1737 309 1785 43

240 1914 311 1963 44

244 2180 312 2229 45

248 2887 318 2938 46

1115 268 1188 277 --
1291 231 1595 297 184-

514 394 602 456 Ne
659 396 970 456 cicatrices
1025 401 1349 474 appareant
1404 395 1581 454 etiam
1638 392 1712 453 de
1769 394 1998 453 usturis
2045 400 2105 453 et
2150 401 2218 454 ut
2261 393 2363 472 pili

336 491 754 564 renascantur,
812 483 993 544 facies
1049 482 1164 543 tale
1221 482 1617 543 medicamen:
1692 479 1883 541 Calcis
1931 483 2092 542 vivae
2146 515 2220 526 ·-
2270 481 2364 563 Ill,

338 573 529 653 adipis
566 575 848 653 porcinae
887 579 1090 633 coctae
1130 580 1190 633 et
1227 570 1451 632 colatae
1491 569 1704 632 libram
1732 571 2027 650 permisce
2057 578 2118 631 et
2148 581 2363 650 quanto

339 663 684 742 diligentius
730 670 858 723 tere
906 660 997 722 vel
1035 661 1298 722 confrica
1337 667 1515 739 atque
1553 662 1616 719 in
1655 659 1895 720 modum
1935 659 2363 740 cataplasmatis

340 751 586 832 adpone.
650 750 996 832 Mastichen,
1041 758 1437 829 personatam,
1484 766 1766 828 saponem
1813 746 2121 829 Gallicum,
2172 766 2365 810 ceram
2390 765 2414 806 5

341 840 665 922 Ponticam,
713 838 911 901 oleum
949 846 1137 914 vetuS,
1185 856 1456 917 spumam
1494 839 1727 916 argenti
1763 839 1969 916 aequis
2007 838 2367 916 ponderibus

341 928 623 991 miscebis
652 937 712 990 et
739 946 962 1008 coques
1001 928 1073 989 ad
1112 928 1560 1006 spissitudinem
1600 926 1819 1007 liparae
1859 933 2036 1005 atque
2076 927 2215 987 inde
2254 946 2368 988 em·

341 1020 633 1099 plastrum
671 1017 919 1078 maculis
956 1018 1019 1077 in
1058 1017 1207 1077 facie
1245 1015 1337 1076 vel
1373 1015 1632 1095 pustulis
1670 1024 1730 1077 et
1762 1014 2064 1076 ulceribus
2095 1016 2369 1095 adpones,

521 1107 607 1168 Ad
658 1106 1031 1185 nigredinem
1077 1113 1138 1166 et
1182 1103 1444 1166 maculas
1491 1104 1627 1165 colli
1682 1112 1743 1165 et
1788 1104 1989 1165 vultus
2034 1105 2370 1184 purgandas
2466 1138 2472 1146 ·

343 1197 594 1257 farinam
642 1195 716 1255 de
763 1194 894 1255 faba
942 1211 1081 1255 cum
1126 1211 1336 1254 umore
1381 1195 1649 1275 peponis,
1696 1194 1755 1255 id
1803 1200 1897 1254 est
1935 1211 2080 1254 suco
2118 1196 2251 1255 eius
2286 1196 2368 1255 in·
2395 1209 2441 1249 ιο

343 1286 595 1367 teriore,
650 1283 932 1344 miscebis
986 1289 1049 1343 61
1104 1283 1286 1344 facies
1345 1281 1674 1344 trochiscos
1726 1288 1859 1343 octo
1908 1288 1969 1342 et
2017 1283 2269 1344 siccabis
2313 1285 2373 1343 in
2535 1272 2536 1287 ¹

344 1371 584 1453 umbra3
631 1391 703 1432 ex
751 1380 885 1433 octo
932 1366 1050 1432 illis
1098 1380 1387 1452 quantum
1435 1371 1694 1433 sufficiat
1738 1380 1899 1432 teres
1947 1389 2085 1431 cum
2128 1390 2282 1451 aqua
2317 1380 2374 1432 et

343 1461 560 1523 inlines
607 1460 867 1523 maculas
914 1468 1089 1541 atque
1137 1463 1221 1521 ita
1265 1462 1457 1522 uteris
1497 1467 1632 1521 ante
1670 1459 1966 1540 balneum,
2012 1467 2081 1521 ut
2119 1462 2374 1522 siccetur

346 1550 567 1632 inliti0,
623 1558 683 1611 et
739 1552 826 1611 sic
881 1551 1266 1630 ingredieris,
1326 1558 1386 1611 et
1441 1567 1578 1610 cum
1633 1567 1902 1610 umorem
1959 1553 2266 1628 acceperis
2315 1552 2373 1610 in

348 1639 562 1716 calore,
607 1648 737 1699 tum
784 1638 1241 1719 perfricabisfct
1288 1638 1471 1699 elues.
2395 1655 2440 1694 15

527 1729 613 1789 Ad
661 1738 958 1789 tumorem
1006 1730 1128 1788 sive
1175 1726 1423 1788 livorem
1470 1726 1543 1787 de
1581 1726 1731 1786 facie
1769 1725 2094 1787 tollendum
2135 1726 2374 1788 herbam

348 1816 638 1878 Rhodiam
687 1836 759 1877 ex
805 1827 972 1879 aceto
1020 1819 1222 1878 tritam
1267 1815 1453 1876 inline
1501 1824 1560 1876 et
1599 1816 1824 1875 siccare
1871 1817 2152 1894 permitte
2205 1824 2375 1896 atque

348 1909 430 1966 ita
486 1906 636 1967 61116.
719 1906 957 1967 Urticae
1014 1904 1151 1966 folia
1210 1912 1455 1966 contere
1506 1913 1567 1964 et
1611 1906 1740 1983 ipsa
1785 1904 2199 1965 tantummodo
2247 1923 2375 1966 cum

351 2014 495 2057 suco
543 2013 651 2056 suo
699 1995 1046 2056 cohibendis
1092 1993 1431 2055 tumoribus
1468 1990 1562 2053 vel
1598 1990 1903 2053 abolendis
1938 1991 2233 2055 livoribus
2270 1994 2375 2054 sre-

352 2090 606 2163 quenter
653 2083 900 2162 adpone.
2299 2106 2302 2113 =
2398 2096 2445 2135 ao

529 2172 616 2232 Ad
664 2188 844 2249 genas
892 2170 1132 2231 scabras
1179 2178 1239 2231 et
1284 2172 1595 2232 cicatrices
1641 2169 2010 2231 maxillarum
2047 2171 2376 2232 remedium

354 2262 466 2320 sic:
551 2259 892 2320 Chalcitidis
957 2258 1268 2320 drachmas
1333 2258 1464 2340 XX,
1531 2261 1750 2338 misyos
1816 2258 2014 2319 drach.
2077 2258 2155 2339 X,
2226 2262 2378 2321 croci

354 2347 553 2409 drach.
609 2346 710 2429 VI,
766 2349 920 2409 turis
980 2347 1292 2408 drachmas
1339 2346 1418 2429 X,
1473 2366 1706 2427 myrrae
1761 2347 2073 2408 drachmas
2119 2347 2187 2429 V,
2245 2367 2375 2429 opo-

355 2439 594 2517 panacis
622 2436 934 2498 drachmas
962 2436 1028 2518 V,
1066 2438 1219 2498 aceti
1256 2434 1319 2496 8
1348 2435 1414 2517 V,
1453 2437 1643 2497 mellis
1682 2438 1893 2515 optimi
1921 2433 1985 2496 8
2014 2436 2066 2497 ΙΙ
2096 2436 2154 2497 S.
2222 2437 2377 2508 Quae

356 2527 514 2586 sicca
561 2534 701 2587 sunt
747 2526 988 2587 tundes·
1011 2534 1072 2586 et
1115 2528 1178 2585 in
1222 2525 1531 2605 pulverem
1571 2525 1806 2604 rediges
1844 2533 1904 2586 et
1940 2543 2013 2585 ex
2052 2544 2122 2586 eo
2162 2545 2377 2606 coques
2402 2537 2445 2578 25

356 2632 492 2675 cum
548 2622 715 2676 aceto
772 2623 833 2676 et
885 2622 1091 2694 postea
1147 2613 1321 2675 melle
1386 2613 1645 2674 admixto
1712 2613 1889 2674 simul
1952 2617 2147 2675 omnia
2207 2624 2379 2695 tereS,

355 2703 546 2763 donec
592 2703 960 2764 sufficienter
1005 2703 1373 2764 medicamen
1411 2703 1489 2763 sit
1527 2705 1785 2782 spissum
1824 2702 1915 2763 vel
1966 2702 2279 2785 liquidum,
2324 2710 2381 2764 et

356 2794 418 2851 in
466 2791 680 2871 pyxide
727 2809 906 2852 aerea.
945 2809 1132 2871 pones
1179 2800 1240 2852 et
1287 2810 1424 2852 cum
1472 2808 1623 2870 opus
1665 2793 1864 2871 fuerit,
1911 2794 2101 2852 uteris
2139 2792 2213 2853 ad
2252 2810 2376 2873 per-

357 2881 632 2959 ungenda
686 2879 780 2941 vel
834 2880 1276 2959 superlinienda
1337 2898 1486 2960 quae
1533 2888 1690 2960 sunt.
1783 2879 1870 2940 Ad
1916 2898 2098 2958 genas
2145 2880 2380 2942 scabras

359 2978 418 3029 et
466 2968 735 3030 scabidas
783 2977 843 3029 et
887 2977 1120 3031 veteres
1168 2971 1480 3030 cicatrices
1518 2969 1847 3030 remedium
1886 2970 2005 3029 sic:
2050 2971 2222 3030 Aeris
2266 2970 2378 3030 usti
2404 2980 2449 3022 ³⁰

359 3066 419 3117 et
474 3056 606 3138 loti,
660 3075 920 3139 myrrae,
956 3059 1098 3137 opii
1153 3058 1463 3118 drachmas
1517 3065 1746 3138 ternaS,
1801 3058 2063 3119 cadmiae
2110 3066 2280 3119 ustae
2326 3064 2381 3117 et

359 3147 654 3207 extinctae
710 3148 847 3207 vino
871 3140 875 3142 ⁷
896 3142 1206 3208 drachmas
1253 3153 1414 3227 octo;
1469 3146 1616 3208 haec
1669 3149 1732 3207 in
1787 3146 2094 3227 pulverem
2147 3147 2380 3208 redacta

358 3254 431 3296 ex
471 3253 621 3314 aqua
659 3235 899 3296 fontana
935 3235 1027 3297 vel
1065 3235 1307 3296 caelesti
1344 3244 1522 3315 tereS,
1560 3235 1748 3296 donec
1781 3235 1931 3296 levia
1968 3238 2105 3315 sint,
2152 3245 2214 3298 et
2250 3252 2381 3296 cum

360 3323 654 3404 glutinosa
694 3325 933 3405 fuerint,
980 3324 1345 3404 superaddes
1383 3322 1575 3385 mellis
1613 3325 1820 3402 optimi
1858 3324 2190 3403 despumati
2228 3332 2382 3402 coty-

357 3412 477 3473 lam
532 3432 736 3496 unam,
794 3413 1006 3474 deinde
1062 3413 1440 3493 perfricando
1496 3412 1589 3474 vel
1634 3412 1881 3473 terendo
1929 3411 2382 3494 concorporabis
2404 3421 2450 3464 ³5

358 3504 559 3562 omnia
615 3511 675 3564 61
730 3505 793 3563 in
846 3502 1061 3595 pyxide
1110 3520 1281 3563 aerea
1334 3502 1555 3563 condes
1602 3509 1662 3562 et
1708 3520 1847 3563 cum
1893 3501 2152 3564 volueris
2196 3502 2380 3563 uteris

361 3589 433 3648 ad
482 3591 921 3669 superlinienda
969 3610 1118 3670 quae
1167 3598 1324 3652 sunt.
