2575 4092
964 204 1398 270 „51-

202 382 320 424 cum
372 369 461 426 ovi
515 375 728 447 aquato
783 367 1014 448 liquore
1068 386 1177 447 per
1223 387 1307 429 se.
1398 366 1643 428 Necnon
1689 377 1749 428 et
1796 366 1908 428 hoc
1955 366 2199 447 collyrio
2238 377 2270 428 5

201 453 418 531 quidam
453 457 513 515 in
552 457 739 518 initiis
776 465 1047 532 utuntur,
1095 456 1252 536 quod
1291 475 1324 518 a
1362 458 1601 518 cinereo
1640 456 1838 517 colore
1878 456 2198 537 spodiacon

199 542 529 620 appellatur,
575 548 934 625 conponitur
978 553 1179 607 autem
1226 564 1298 606 ex
1344 545 1467 606 his:
1524 544 1799 606 Cadmiae
1846 544 2201 625 botryitidos

199 639 346 691 ustae
401 651 579 712 super
635 642 815 716 testa,
871 634 1060 696 donec
1116 634 1457 714 candescat,
1514 641 1575 694 et
1621 635 1758 695 vino
1805 632 2056 695 Falerno
2104 652 2200 694 ex·

155 734 177 774 5
199 721 395 781 tinctae
433 720 485 781 X
522 721 641 802 XL,
683 731 881 785 cretae
921 723 1153 785 Samiae
1193 742 1371 803 quam
1408 731 1601 784 astera
1641 729 1853 783 vocant
1889 722 1940 783 X
1973 721 2203 803 LXXX,

199 808 343 869 stibii
386 813 539 872 cocti
585 811 638 872 X
674 811 810 891 XX,
863 815 964 891 opi
1002 812 1053 872 X
1091 810 1165 892 V,
1220 814 1478 891 gummis
1522 810 1951 872 Alexandrinae
1990 810 2041 871 X
2078 810 2202 872 XX.

197 895 479 961 Teruntur
540 900 688 962 haec
753 903 948 962 omnia
1013 899 1256 980 pluviali
1321 918 1470 980 aqua
1537 910 1856 981 macerata,
1930 899 2201 962 ultimum

197 990 399 1063 gummi
452 990 726 1051 adicitur.
815 990 969 1051 Ante
1016 1007 1157 1050 sane
1204 997 1402 1050 cetera
1449 989 1521 1049 ad
1567 989 1866 1050 levitatem
1914 1006 2204 1050 summam

196 1082 447 1138 terantur
500 1087 563 1139 et
618 1097 692 1139 ne
748 1081 941 1158 prima
997 1078 1261 1140 tunicula
1318 1077 1475 1140 oculi
1532 1096 1706 1139 exesa
1760 1078 1974 1139 aliasve
2040 1076 2202 1139 exul·

134 1176 178 1218 ιο
202 1173 379 1226 cerata
434 1169 536 1248 sit,
595 1174 665 1228 ut
718 1186 938 1247 purum
993 1166 1167 1228 ulcus
1223 1169 1319 1247 sit,
1375 1166 1625 1229 diluitur
1678 1168 1774 1228 ovi
1828 1165 1987 1248 albo,
2045 1166 2203 1247 quod

195 1261 277 1313 est
317 1254 438 1316 fere
484 1258 922 1317 tenuissimum.
1011 1255 1333 1336 Collyrium
1378 1258 1762 1335 psittacinum
1808 1273 1841 1316 a
1888 1255 2085 1318 colore
2124 1258 2204 1317 ita
2243 1268 2275 1317 6

197 1341 402 1404 dictum
450 1346 593 1406 facit
640 1345 713 1406 ad
761 1345 1046 1425 epiforas,
1094 1363 1242 1425 quae
1292 1363 1430 1406 cum
1476 1346 1645 1406 tenui
1690 1352 1751 1406 et
1795 1347 1921 1406 acri
1965 1343 2208 1406 lacrima

50 1472 51 1517 ¹
197 1433 464 1514 existunt,
511 1436 658 1495 item
707 1433 777 1494 ad
824 1436 1093 1495 ustiones
1140 1441 1200 1494 et
1247 1433 1471 1494 solutas
1518 1435 1829 1495 cicatrices
1877 1444 1937 1493 et
1979 1441 2208 1495 vastum

195 1528 487 1605 tumorem,
537 1522 698 1603 quod
736 1524 874 1603 quia
911 1522 1042 1583 loco
1079 1523 1379 1584 interdum
1419 1522 1654 1584 videtur
1698 1520 2033 1601 propellere
2070 1540 2208 1583 ocu·

131 1617 173 1659 1⁵
195 1605 330 1692 lum,
383 1613 701 1691 proptosin
752 1619 989 1690 vocant,
1045 1629 1182 1673 cum
1230 1613 1326 1671 ovi
1370 1609 1504 1670 albo
1552 1610 1712 1691 quod
1759 1618 1853 1670 est
1897 1619 2076 1670 tenue
2122 1613 2210 1671 in·

192 1701 443 1782 ponitur,
500 1699 609 1761 sed
656 1702 976 1779 praecipue
1025 1701 1189 1780 facit,
1247 1717 1384 1760 cum
1433 1701 1603 1778 quasi
1658 1700 1945 1778 sanguine
2000 1699 2212 1760 suffusi

194 1795 320 1848 sunt
363 1789 524 1851 oculi
575 1796 636 1849 et
682 1787 757 1849 ob
801 1788 860 1849 id
909 1788 1135 1850 nullum
1184 1789 1299 1849 nisi
1346 1787 1717 1849 lenissimum
1765 1785 2073 1867 collyrium
2110 1805 2209 1866 pa·

193 1876 435 1959 fiuntur,
490 1879 716 1956 recipit
768 1884 965 1938 autem
1020 1876 1193 1940 haec:
1258 1876 1432 1938 Croci
1470 1875 1522 1936 X
1559 1875 1693 1957 1111,
1749 1875 2012 1937 cadmiae
2057 1876 2211 1937 lotae

194 1961 239 2021 X
271 1963 399 2046 1111,
442 1966 590 2029 stibi
628 1964 680 2025 X
717 1965 825 2027 1111
834 2013 851 2047 ,
889 1969 990 2044 opi
1027 1965 1079 2026 X
1115 1966 1194 2048 Π,
1232 1968 1489 2044 gummis
1528 1964 1580 2025 X
1616 1965 1696 2047 Π,
1735 1963 1916 2026 amuli
1954 1967 2213 2026 recentis

125 2063 170 2103 2⁰
195 2060 248 2113 et
297 2054 630 2117 dulcissimi
675 2053 728 2114 X
764 2054 890 2115 1111.
963 2054 1189 2115 Eodem
1237 2054 1465 2135 ordine,
1514 2072 1631 2134 quo
1678 2055 1901 2134 scripta
1948 2062 2105 2136 sunt,
2151 2057 2214 2115 in

195 2148 461 2206 mortario
533 2143 755 2204 debent
817 2145 934 2204 teri
997 2162 1069 2204 ex
1116 2162 1268 2223 aqua
1315 2142 1571 2222 pluviali.
1663 2142 1941 2204 Amulum
1998 2150 2213 2223 autem,

191 2249 317 2292 cum
375 2236 492 2294 iam
555 2231 897 2311 fingendum
955 2234 1069 2293 erit
1116 2231 1455 2315 collyrium,
1509 2232 1817 2293 adicietur.
1908 2231 2213 2294 Interdum

192 2328 376 2381 autem
428 2330 488 2383 et
537 2321 652 2381 hoc
700 2324 1291 2401 superinunguantur
1339 2323 1443 2401 qui
1489 2324 1659 2400 prius
1702 2319 2061 2400 Athenippio
2110 2339 2210 2381 cu·

190 2411 297 2468 rati
357 2420 518 2472 sunt.
612 2408 719 2470 His
775 2411 900 2470 fere
959 2409 1218 2489 collyriis
1272 2409 1509 2471 lenibus
1574 2410 1796 2489 omnia,
1862 2427 2012 2489 quae
2079 2427 2215 2470 cum

50 2538 53 2541 -
127 2509 172 2550 2⁵
197 2505 418 2559 tumore
466 2507 533 2561 et
579 2497 782 2559 dolore
830 2499 982 2559 fiunt
1027 2500 1183 2559 circa
1232 2498 1457 2580 oculos,
1503 2498 1917 2559 remediamuS.
1991 2496 2213 2558 Perun-
2257 2510 2287 2558 ’1

193 2588 410 2648 ctiones
449 2587 763 2649 oculorum
802 2587 1175 2666 lippientium
1224 2589 1347 2648 sive
1392 2589 1789 2666 inunctioneS,
1833 2604 1983 2666 quae
2021 2587 2216 2666 appel-

193 2673 381 2737 lantur
445 2675 794 2757 galacticae,
857 2675 1199 2736 huiusmodi
1266 2685 1433 2738 sunt:
1498 2675 1997 2755 Crocomagmatis
2062 2674 2112 2735 X
2174 2674 2217 2753 Ι,

194 2780 415 2843 myrrae
473 2772 538 2826 et
593 2767 756 2826 croci
804 2764 854 2825 X
900 2763 1029 2846 VII,
1085 2764 1360 2825 aluminis
1415 2765 1543 2824 fissi
1588 2763 1640 2824 X
1677 2762 1778 2845 Vl,
1833 2766 1987 2824 turis
2037 2761 2088 2822 X
2127 2762 2218 2843 vl,

194 2857 440 2930 gummis
479 2852 535 2914 X
564 2852 663 2934 Vl,
701 2872 870 2914 rosae
908 2853 1074 2914 floris
1112 2852 1164 2913 X
1192 2853 1283 2913 VI.
1359 2853 1506 2913 Vino
1543 2852 1689 2914 Chio
1728 2871 1848 2913 non
1886 2852 2040 2913 salso
2080 2870 2219 2912 con·

124 2951 390 3020 wspersa
436 2950 722 3004 teruntur
766 2941 913 3003 haec
960 2943 1154 3003 omnia
1203 2941 1543 3022 diligenter,
1592 2941 1805 3002 deinde
1852 2941 2118 3002 confecta
2158 2942 2219 3001 in

193 3031 446 3111 collyriis
509 3038 612 3092 aut
666 3031 866 3110 pilulis
925 3041 1315 3110 reponuntur.
1407 3029 1727 3091 Perunctio
1782 3030 2091 3092 oculorum
2148 3030 2219 3090 ad
2259 3043 2291 3091 8

194 3136 423 3181 omnem
473 3119 817 3199 epiphoram
868 3121 1010 3180 satis
1056 3118 1247 3180 utilis:
1309 3118 1481 3180 Croci
1535 3152 1607 3162 —
1661 3118 1715 3199 1,
1761 3137 1997 3181 murrae
2047 3152 2129 3163 —-
2178 3117 2222 3198 I,

193 3210 680 3288 crocomagmatis
725 3241 800 3251 —-
843 3207 894 3290 1,
942 3209 1097 3268 aeris
1143 3208 1308 3269 floris
1353 3240 1428 3251 —
1471 3205 1523 3288 1,
1567 3208 1843 3268 aluminis
1888 3209 2014 3268 fissi
2058 3240 2136 3250 --
2177 3207 2222 3286 1,

194 3299 343 3358 turis
385 3295 444 3359 E.
535 3296 625 3357 Ex
672 3299 807 3358 vino
845 3305 1124 3358 teruntur
1169 3296 1318 3358 haec
1356 3299 1593 3377 optime.
1671 3295 1778 3356 His
1816 3295 2066 3357 Cosmus
2102 3313 2222 3355 me-

335 3511 367 3557 3
406 3503 718 3573 botryidos.
891 3509 923 3558 5
959 3509 1083 3573 post
1119 3507 1310 3558 astera
1345 3503 1474 3558 add.
1512 3502 1733 3557 samias.
1908 3506 1973 3554 12
2014 3499 2096 3571 et]
2137 3500 2227 3555 sit.

203 3576 266 3626 15
302 3572 675 3645 promptosin.
821 3579 889 3629 23
927 3573 1211 3643 henippio.
1360 3578 1427 3627 27
1466 3572 1761 3643 galaticae.
