2575 4092
1099 214 1580 279 —126—

328 378 542 440 deinde
597 378 839 459 pulvere
896 379 1027 457 ipso
1083 376 1429 438 mollissimo
1477 375 1685 437 dentes
1732 376 1841 437 tibi
1896 377 2180 457 perfrica,
2237 397 2358 457 quo

221 480 289 530 48
329 469 481 529 facto
531 467 797 528 dolorem
843 466 1093 528 sedabis,
1178 466 1243 527 Si
1287 465 1401 526 tibi
1445 467 1632 545 partis
1679 468 1955 527 sinistrae
2003 466 2151 526 dens
2197 465 2357 528 dole-

325 557 432 636 bit,
477 555 679 617 cubito
727 556 939 616 dextro
985 554 1233 616 calidam
1281 553 1474 615 fabam
1521 561 1747 615 coctam
1796 557 1998 616 tritam
2035 557 2255 633 inpone
2294 565 2358 617 et

326 645 643 725 diligenter
689 643 821 724 liga.
888 644 951 705 Si
997 662 1139 705 vero
1184 645 1375 722 partis
1422 643 1702 705 dexterae
1750 646 1873 704 sive
1913 646 2190 722 superior
2228 646 2353 705 sive

323 735 573 796 inferior
619 733 767 794 dens
814 732 1055 813 dolebit,
1102 732 1308 793 cubito
1346 733 1592 792 sinistro
1629 731 1809 811 ligato
1846 734 2122 793 similiter
2158 732 2353 793 sabam
2382 754 2412 795 5

218 835 286 886 49
324 832 385 885 et
431 823 545 883 hoc
593 840 700 901 per
745 821 1012 883 triduum
1058 822 1254 883 facito.
1339 820 1615 881 Dolorem
1661 821 1929 882 dentium
1987 831 2048 883 et
2092 824 2353 901 gingiva-

326 931 461 973 rum
508 912 617 972 hac
663 913 916 971 maxime
964 912 1270 972 curatione
1319 927 1662 990 conpesces,
1710 911 1765 970 si
1799 910 1994 971 mellis
2029 944 2119 953 —
2146 909 2189 992 1,
2230 911 2354 972 alu-

323 1003 502 1061 minis
548 1000 849 1061 infectorii
895 1033 981 1043 —
1018 999 1099 1060 111
1145 999 1605 1061 subfervefacias
1651 1000 1714 1059 in
1759 998 2019 1079 pultario
2068 1009 2128 1061 et
2165 1002 2353 1078 agites

217 1102 286 1152 50
324 1109 393 1151 ac
429 1092 683 1151 misceas
722 1088 1199 1168 tepefactumque
1237 1088 1606 1148 medicamen
1654 1105 1758 1149 ore
1807 1091 2129 1150 contineas.
2204 1091 2352 1149 Aco-

322 1197 460 1240 rnm
497 1177 810 1238 Ponticum
856 1195 993 1238 cum
1040 1186 1206 1238 aceto
1254 1184 1316 1237 et
1363 1194 1500 1238 cum
1546 1176 1718 1237 taeda
1766 1195 1956 1257 usque
1999 1177 2070 1238 ad
2111 1185 2354 1257 quartas
2383 1198 2438 1239 10

323 1268 639 1328 decoctum
692 1267 1023 1327 rectissime
1079 1266 1395 1326 adversum
1440 1265 1676 1326 dolores
1722 1266 1991 1327 dentium
2037 1266 2352 1345 gargaliza-

216 1369 282 1417 51
322 1363 438 1417 tur.
524 1355 719 1416 Sucus
765 1354 1107 1434 cyclaminis
1156 1362 1217 1415 et
1262 1353 1381 1414 mel
1426 1354 1670 1434 Lycium
1723 1357 1930 1434 aequis
1977 1355 2352 1435 portionibus

216 1457 283 1506 52
321 1446 652 1505 miscentur
698 1451 876 1522 atque
923 1442 1061 1504 inde
1109 1442 1278 1503 dolor
1326 1443 1594 1503 dentium
1640 1444 2020 1505 confricatur.
2101 1443 2352 1523 Lapathi

322 1534 489 1594 radix
516 1535 607 1593 ·in
661 1541 829 1593 aceto
884 1534 1174 1594 acerrimo
1230 1533 1512 1611 coquitur
1566 1539 1743 1610 atque
1800 1550 1870 1593 eo
1927 1541 2094 1594 aceto
2141 1533 2352 1593 dentes

215 1634 282 1685 53
322 1622 688 1683 conluuntur
732 1620 823 1682 vel
871 1622 1161 1683 foventur.
1244 1620 1510 1680 Milefolii
1554 1621 1721 1681 radix
1765 1621 1876 1682 sub
1914 1624 2108 1702 primo
2145 1621 2350 1682 dolore
2381 1641 2435 1681 15

321 1712 588 1772 dentium
636 1710 1226 1771 commanducabitur
1273 1718 1335 1770 et
1377 1710 1565 1769 isdem
1603 1710 1883 1771 dentibus
1922 1713 2027 1790 qui
2064 1710 2353 1772 dolebunt

321 1801 425 1861 diu
453 1800 936 1861 commanducata
966 1798 1342 1879 retinebitur,
1370 1797 1799 1859 intolerandam
1824 1800 2156 1860 molestiam
2180 1817 2351 1878 prae·

215 1901 284 1951 54
321 1891 660 1950 sentissimo
708 1887 972 1949 remedio
1010 1887 1329 1949 coercebit.
1403 1886 1616 1948 Oleum
1662 1906 1798 1949 cum
1845 1897 2013 1949 aceto
2058 1907 2131 1949 ex
2168 1890 2349 1949 tertio

322 1977 660 2057 decoctum,
716 1977 857 2037 dum
914 1977 1106 2037 adhuc
1163 1976 1339 2056 calet,
1395 1985 1559 2037 recte
1614 1976 1687 2037 ad
1741 1977 2033 2038 sedandos
2080 1977 2349 2038 dentium

321 2066 556 2127 dolores
604 2084 707 2125 ore
754 2064 1139 2145 retinebitur,
1195 2068 1275 2125 ita
1332 2073 1400 2125 ut
1443 2064 1580 2143 plus
1626 2068 1780 2127 aceti
1827 2084 2003 2145 quam
2051 2065 2168 2127 olei
2212 2069 2343 2126 mit·
2377 2084 2430 2123 20

214 2167 282 2217 55
320 2162 499 2215 tatur.
586 2153 772 2213 Radix
819 2162 1014 2214 terrae
1063 2153 1202 2213 mali
1248 2153 1492 2213 surculo
1539 2163 1709 2215 eruta
1755 2163 1816 2215 et
1860 2155 2347 2215 commanducata

321 2244 371 2302 si
417 2260 522 2301 ore
570 2243 974 2318 contineatur,
1020 2244 1179 2302 inter
1225 2244 1392 2302 initia
1440 2243 1681 2321 quidem
1726 2243 2158 2305 excandescere
2205 2244 2348 2304 facit

213 2345 280 2394 56
320 2330 584 2391 dolorem
631 2330 916 2410 dentium,
964 2331 1068 2391 sed
1116 2349 1251 2391 mox
1300 2349 1437 2391 eum
1482 2339 1760 2409 potenter
1797 2334 2121 2411 extinguet.
2201 2331 2345 2393 Por-

318 2419 455 2480 celli
497 2419 773 2480 lactentis
818 2418 1167 2498 ventriculo,
1212 2420 1271 2480 id
1321 2427 1413 2480 est
1449 2420 1800 2502 aqualiculo,
1846 2429 2137 2502 exempto,
2185 2418 2344 2501 quod

317 2511 380 2569 in
426 2510 713 2569 interiore
760 2519 896 2569 cute
944 2508 1172 2570 luteum
1215 2508 1515 2590 adhaeret,
1561 2508 1728 2570 lanae
1775 2512 2104 2589 coniunges
2150 2511 2345 2571 made·
2377 2526 2434 2567 25

318 2598 650 2677 factamque
709 2615 839 2658 eam
884 2597 983 2657 illo
1036 2616 1243 2658 umore
1291 2596 1592 2657 auriculae
1639 2600 1896 2680 insereS,
1951 2602 2125 2660 cuius
2180 2617 2212 2659 e
2260 2599 2345 2659 di·

318 2704 488 2747 versa
534 2694 702 2765 parte
749 2686 897 2746 dens
944 2685 1191 2764 dolebit,
1248 2689 1582 2747 certissimo
1639 2688 1902 2748 remedio
1960 2690 2160 2749 statim
2208 2687 2348 2749 sub-

213 2786 278 2836 57
319 2777 537 2836 venies
619 2773 774 2834 Mori
828 2775 994 2834 radix
1051 2782 1320 2854 tempore
1375 2776 1587 2835 messis
1643 2775 1954 2856 inciditur,
2010 2796 2079 2838 ea
2135 2795 2349 2838 sucum

317 2865 690 2944 aptissimum
736 2862 1061 2923 inhibendo
1110 2863 1302 2924 dolori
1352 2862 1618 2925 dentium
1677 2867 1921 2945 emittit,
1978 2884 2156 2945 quem
2210 2866 2347 2926 ideo

318 2951 515 3031 colligi
561 2960 620 3013 et
667 2954 893 3012 servari
938 2959 1191 3032 oportet,
1237 2961 1307 3013 ut
1353 2971 1489 3013 cum
1527 2970 1680 3031 opus
1717 2954 1900 3014 suerit
1938 2953 2217 3015 dentibus
2256 2956 2343 3014 in·
2377 2972 2435 3010 so

209 3051 279 3101 58
318 3050 590 3120 ponatur.
675 3040 980 3102 Nuculeus
1027 3041 1211 3120 gallae
1263 3041 1789 3103 commanducatus
1835 3043 2110 3103 medetur
2154 3042 2350 3104 dolori

211 3141 278 3189 59
317 3131 633 3209 umorique
678 3130 963 3191 dentium.
1045 3129 1398 3210 Hyoscyami
1442 3131 1610 3192 radix
1657 3133 1836 3192 mixta
1882 3131 1974 3192 vel
2022 3132 2350 3193 madefacta

209 3230 278 3278 60
315 3228 483 3280 aceto
522 3226 583 3279 et
621 3218 1105 3280 commanducata
1140 3222 1291 3280 mire
1320 3219 1601 3280 dentibus
1630 3221 1918 3281 medetur.
1983 3220 2350 3301 plantaginis

316 3309 482 3368 radix
539 3316 702 3369 recte
759 3308 1059 3369 manditur
1115 3309 1503 3388 eiusdemque
1560 3328 1704 3370 suco
1761 3312 1822 3369 in
1879 3317 2045 3370 aceto
2097 3311 2350 3372 decocto

459 3519 493 3568 2
529 3513 745 3584 dentes,
782 3516 875 3571 aed
903 3514 1132 3572 dolebit.
1242 3520 1274 3570 8
1305 3514 1590 3571 sufectorii
1619 3516 1756 3584 (sic).
1865 3520 1935 3570 22
1964 3515 2349 3573 scandescere.

318 3590 387 3641 26
424 3585 586 3640 illum
623 3587 872 3642 humore.
1020 3591 1087 3640 30
1127 3585 1354 3655 oportit.
1497 3592 1564 3640 31
1604 3586 1888 3642 naculeuS.
