2575 4092
1113 228 1596 295 -150-

240 404 311 457 94
348 400 553 471 tegere
599 392 729 453 lana
778 392 1083 472 sulpurata
1120 400 1308 454 totam
1347 392 1657 454 maxillam.
1724 392 1885 454 Bene
1924 392 2172 454 discutit
2206 411 2379 472 paro-

348 482 502 544 tidas
559 483 666 542 iris
720 480 951 562 Illyrica
1007 489 1257 543 contusa
1314 489 1479 543 cocta
1541 500 1613 542 ex
1669 500 1846 561 passo
1902 489 1963 542 et
2008 500 2175 543 more
2222 491 2377 543 cata-

347 570 649 651 plasmatis
705 571 929 631 farinae
985 571 1322 632 hordiaciae
1377 570 1564 631 calida
1617 569 1712 632 bis
1758 570 1850 631 vel
1895 578 1991 631 ter
2035 573 2099 632 in
2145 571 2242 632 die
2286 573 2377 631 in-

240 672 309 722 95
348 662 554 739 posita.
615 659 875 721 Discutit
909 667 971 720 et
1006 659 1120 721 hoc
1157 659 1657 720 medicamentum
1692 658 2013 741 parotidas,
2058 659 2377 740 antequam

348 755 709 828 suppurent,
774 748 933 827 quod
1000 748 1316 809 conficitur
1382 749 1497 809 sic:
1582 747 1838 826 Spumae
1898 751 2132 827 argenti
2183 748 2247 809 P.
2303 749 2376 831 11,
2405 764 2432 805 5

349 855 627 898 cerussae
674 836 738 898 P.
775 837 819 918 1,
868 836 1007 897 salis
1053 838 1406 897 ammoniaci
1441 836 1505 897 P.
1545 836 1588 917 1,
1634 839 1790 897 aeris
1827 836 1993 898 floris
2029 836 2092 899 P.
2131 836 2176 919 I,
2221 840 2378 899 aceti

348 922 411 987 5*
450 923 492 1007 1,
539 925 653 986 olei
698 927 918 987 veteris
965 922 1028 987 5*
1065 924 1135 985 II.
1218 925 1521 1007 Spumam,
1567 944 1891 1006 cerussam,
1936 926 2118 987 salem
2162 945 2273 1006 per
2310 945 2375 988 se

348 1022 409 1074 et
455 1032 591 1075 cum
631 1022 797 1075 aceto
836 1022 1034 1074 terere
1071 1022 1132 1075 te
1170 1021 1407 1093 oportet
1443 1016 1727 1074 mortario
1767 1032 2117 1097 marmoreo,
2159 1015 2375 1076 deinde

346 1102 477 1163 oleo
515 1103 774 1163 admixto
809 1105 1063 1163 traicere
1100 1104 1164 1163 in
1202 1102 1521 1164 caccabum
1557 1103 1836 1183 amplum,
1883 1121 1957 1163 ne
1987 1112 2153 1165 extra
2190 1104 2376 1164 effun-

348 1190 539 1271 datur,
586 1200 647 1252 et
692 1191 764 1251 ad
810 1194 1007 1270 ignem
1053 1209 1306 1273 ponere3
1354 1193 1688 1252 effervescit
1732 1194 1892 1252 enim
1941 1192 2122 1253 valde.
2223 1192 2375 1253 Cum
2405 1209 2456 1248 10
2556 1185 2557 1192 ’

347 1279 496 1340 haec
552 1298 734 1360 super
790 1282 990 1359 ignem
1034 1282 1226 1360 posita
1272 1279 1592 1341 habuerint
1639 1280 1943 1360 emplastri
1987 1280 2182 1342 mollis
2228 1290 2378 1342 tem·

345 1375 706 1449 peraturam‚
754 1369 972 1448 deponi
1017 1368 1318 1449 oportebit
1362 1368 1709 1450 caccabum3
1756 1388 1893 1430 cum
1945 1388 2080 1430 vero
2128 1370 2378 1431 desierit

347 1457 605 1538 fervere,
659 1457 941 1537 paulatim
997 1475 1314 1538 aspergere
1369 1460 1525 1519 aeris
1580 1457 1788 1518 florem
1844 1464 1907 1518 et
1955 1476 2196 1519 movere
2243 1477 2376 1538 spa·

345 1546 467 1607 tula
516 1545 1031 1627 medicamentum,
1077 1564 1153 1608 ne
1196 1553 1365 1607 extra
1402 1546 1703 1627 fundatur,
1750 1556 1810 1607 et
1845 1565 2059 1608 rursus
2097 1566 2377 1631 coquere,

346 1634 536 1697 donec
582 1634 796 1697 haheat
842 1635 1147 1714 emplastri
1192 1634 1661 1717 spissitudinem,
1705 1634 1967 1697 debebis.
2403 1652 2452 1693 15

243 1737 313 1787 96
529 1724 617 1785 Ad
666 1733 924 1785 strumas
973 1723 1123 1785 bene
1161 1725 1302 1785 facit
1338 1711 1503 1785 radix
1541 1726 1880 1786 cucumeris
1918 1724 2169 1785 silvatici
2205 1733 2375 1786 cocta

346 1831 420 1874 ex
465 1832 617 1893 aqua
663 1813 850 1874 mulsa
899 1820 958 1874 et
1005 1815 1146 1873 trita
1191 1821 1369 1893 atque
1415 1814 1496 1873 ita
1549 1815 1834 1893 inposita,
1881 1812 2180 1874 hibiscum
2227 1832 2372 1892 quo-

243 1913 310 1962 97
352 1921 468 1982 que
506 1902 717 1964 eodem
753 1902 927 1963 modo
966 1913 1204 1963 coctum
1244 1911 1305 1963 et
1340 1903 1665 1981 inpositum
1693 1901 1908 1963 melius
1937 1902 2095 1964 facit.
2161 1901 2378 1963 Marini

346 1991 582 2071 lepores
629 1991 759 2050 oleo
802 1998 1004 2051 vetere
1052 1992 1249 2051 enecti
1294 1990 1446 2051 hene
1502 1991 1729 2052 faciunt
1775 1991 2166 2052 discutiendis
2217 1998 2374 2052 stru-

346 2082 479 2160 mis,
526 2098 665 2141 cum
709 2081 839 2158 ipso
887 2078 1016 2138 oleo
1062 2081 1127 2138 in
1162 2078 1439 2157 plumbea
1477 2080 1691 2159 pyxide
1727 2079 1898 2161 clusi,
1943 2097 2120 2159 quam
2158 2079 2375 2140 diebus
2402 2096 2454 2137 so

346 2166 448 2227 XL
495 2168 811 2246 diligenter
856 2166 1148 2244 alligatam
1197 2174 1432 2246 oportet
1477 2167 1713 2249 haberi3
1759 2176 1967 2247 postea
2013 2187 2086 2229 ex
2133 2186 2204 2229 eo
2240 2171 2374 2247 pin-

344 2255 486 2317 nula
541 2255 890 2316 oblinendae
948 2264 1089 2316 sunt
1143 2262 1407 2317 strumae
1464 2274 1765 2336 superque
1817 2275 1916 2317 eas
1963 2256 2134 2336 pellis
2179 2256 2377 2318 lanata

345 2362 465 2406 non
512 2346 762 2406 nimium
807 2352 977 2405 tonsa
1023 2345 1264 2422 tegendi
1310 2347 1498 2424 gratia
1544 2346 1881 2425 inponenda
1917 2354 2026 2407 est.
2099 2345 2377 2425 Praecipi

347 2441 544 2495 autem
592 2440 853 2513 oportet,
900 2451 975 2493 ne
1024 2435 1157 2512 quis
1203 2433 1318 2493 hoc
1365 2434 1796 2495 medicamento
1841 2452 2053 2495 manus
2097 2437 2378 2513 inquinet

239 2532 308 2582 98
347 2532 451 2585 aut
494 2524 850 2603 inquinataS,
894 2524 1245 2601 priusquam
1281 2521 1434 2583 hene
1472 2522 1706 2606 eluerit,
1752 2522 1823 2583 ad
1862 2541 1930 2583 os
1968 2523 2204 2585 referat.
2283 2524 2371 2585 Ad
2402 2539 2456 2580 25

347 2619 605 2673 strumas
652 2619 712 2671 et
758 2611 830 2671 ad
877 2611 1129 2672 duritias
1176 2628 1564 2671 mammarum
1612 2611 1863 2672 mirifice
1909 2612 2050 2673 facit
2094 2611 2209 2673 hoc
2250 2629 2374 2673 me-

346 2701 773 2780 dicamentum,
828 2709 1143 2779 antequam
1202 2707 1538 2778 suppurent
1593 2708 1653 2760 et
1698 2709 1836 2779 post
1881 2703 2374 2780 suppurationem

345 2788 532 2850 nihilo
574 2790 773 2849 minus
819 2787 966 2849 utile
1004 2796 1114 2869 est,
1161 2790 1379 2866 accipit
1414 2788 1588 2850 haec:
1628 2788 1756 2849 Olei
1794 2792 2011 2850 veteris
2048 2789 2113 2851 P.
2142 2789 2187 2871 I,
2233 2807 2375 2869 spu-

345 2896 474 2939 mae
534 2879 765 2957 argenti
810 2876 871 2937 P.
910 2876 963 2955 1,
1017 2876 1203 2956 gallae
1261 2876 1534 2956 Syriacae
1590 2876 1652 2938 P.
1690 2875 1771 2959 11,
1827 2896 2075 2938 mannae
2130 2877 2258 2940 P.I
2313 2887 2377 2939 et

344 2968 609 3047 unciam,
664 2964 899 3045 galbani
945 2965 1008 3028 P.
1044 2966 1088 3026 Ι.
1182 2964 1331 3026 Cum
1386 2965 1518 3027 oleo
1566 2968 1847 3045 coquitur
1892 2985 2130 3049 spuma,
2180 2966 2375 3028 donec
2404 2985 2461 3026 so
2556 2961 2557 2964 ’

345 3057 534 3115 ceroti
590 3056 769 3134 spissi
822 3053 1037 3115 habeat
1092 3062 1582 3135 temperaturam,
1638 3055 1852 3116 deinde
1907 3056 2271 3117 admiscetur
2317 3059 2377 3117 ei

345 3142 495 3222 galla
550 3150 611 3204 et
666 3143 996 3204 secundum
1046 3143 1199 3205 hanc
1245 3162 1487 3225 manna3
1542 3162 1680 3205 cum
1736 3144 2042 3224 emplastri
2093 3144 2378 3207 habuerit

345 3232 820 3313 spissitudinem,
866 3232 1096 3293 tollitur
1142 3232 1216 3293 ab
1262 3234 1389 3311 igni
1434 3233 1931 3294 medicamentum
1981 3241 2041 3295 et
2087 3252 2223 3295 curn
2274 3235 2377 3295 de-

345 3324 515 3383 sierit
560 3322 809 3402 fervere,
856 3321 1140 3400 paulatim
1185 3321 1500 3402 galbanum
1545 3325 1851 3405 miscetur,
1900 3322 2116 3383 deinde
2163 3322 2377 3385 linitur

488 3463 519 3511 3
556 3457 771 3513 farinae
809 3473 910 3512 om.
1039 3462 1071 3512 6
1108 3457 1227 3512 flos.
1359 3464 1425 3513 10
1463 3458 2008 3515 acfervescit.13
2045 3460 2374 3544 aspergere]

340 3545 624 3655 {guaz-{gre
814 3528 934 3584 flos.
1125 3533 1193 3584 17
1249 3528 1557 3585 hebiscum.
1777 3535 1844 3585 19
1902 3531 2089 3586 enecti
2145 3532 2377 3601 scripsi.-
