2575 4092
983 246 1431 311 -43-

199 416 378 484 gatur.
455 406 695 467 Semine
744 405 942 468 salicis
987 410 1246 469 contrito
1294 415 1476 487 caput
1519 407 1746 469 lautum
1794 407 2060 469 furfures
2096 408 2216 469 cito
2258 418 2324 471 18

199 495 388 555 deicit.
461 495 588 556 Ovo
633 494 958 573 gallinaceo
995 504 1176 576 caput
1211 496 1465 577 inlinito,
1512 506 1717 576 postea
1753 514 1903 576 aqua
1943 496 2034 557 vel
2071 513 2217 558 suco
2261 509 2323 559 19

197 582 408 644 herbae
455 584 828 665 cyclaminis,
874 602 1025 665 quae
1072 584 1429 647 orbicularis
1474 585 1720 664 dicitur,
1776 592 1956 664 caput
2000 584 2217 646 lavato:

199 670 303 732 hoc
362 680 539 752 pacto
594 671 802 734 lendes
857 676 1052 735 necati
1106 674 1261 735 ultra
1318 692 1437 735 non
1485 682 1899 735 renascuntur.
1981 672 2217 735 Puerile
2253 686 2325 736 2ο

150 776 175 817 5
199 759 399 822 lotium
444 763 609 822 nitro
655 761 983 824 admixtum
1026 762 1230 825 ulcera
1278 780 1427 842 quae
1467 770 1790 842 erumpunt
1825 761 1988 823 lauto
2024 764 2217 841 capite

196 851 336 909 mire
394 849 646 912 delinit:
709 858 1022 929 expertum
1087 852 1437 913 remedium.
1530 850 1728 912 Cornu
1789 852 2096 911 cervinum
2154 851 2217 911 in
2254 863 2321 913 21

196 937 427 1000 scobem
474 938 749 1001 limatum
795 949 855 1001 et
899 958 1038 1001 cum
1083 942 1220 1001 vino
1267 947 1477 1020 potum
1529 939 1735 1001 lendes
1790 948 2000 1000 enecat
2047 957 2216 1000 rena·

195 1028 391 1106 scique
429 1046 555 1089 non
591 1030 832 1107 patitur.
904 1028 1150 1090 Stercus
1187 1029 1512 1090 scrofinum
1550 1030 1687 1089 vino
1725 1029 2042 1089 inmixtum
2078 1046 2215 1089 cum
2256 1041 2322 1090 22

194 1133 321 1175 rosa
364 1115 612 1196 liquida,
658 1116 719 1177 id
765 1124 859 1178 est
902 1135 1074 1178 rosae
1121 1135 1284 1198 suco,
1331 1116 1537 1179 lendes
1574 1116 2063 1197 pedunculosque
2099 1116 2215 1177 dis·

122 1219 169 1258 10
194 1206 430 1267 cruciat.
516 1204 680 1265 Felle
736 1204 908 1267 vituli
961 1213 1141 1285 caput
1184 1214 1547 1285 perunctum
1593 1205 1799 1267 lendes
1843 1207 2215 1267 exterminat.
2253 1218 2322 1268 23

195 1291 486 1372 Axungiae
534 1295 757 1355 veteris
804 1297 1126 1376 semuncia,
1173 1298 1297 1355 sevi
1344 1295 1574 1374 caprini
1616 1295 1937 1375 semuncia,
1983 1295 2215 1355 resinae
2254 1305 2324 1356 24

191 1382 524 1458 perlucidae
566 1384 888 1463 semuncia,
925 1382 1204 1444 aluminis
1240 1383 1543 1444 infectorii
1579 1384 1901 1445 semuncia.
1963 1382 2215 1444 Alumen

193 1477 342 1531 teres
395 1473 460 1532 in
517 1473 836 1551 mortario,
893 1480 1092 1533 cetera
1145 1474 1270 1552 igni
1324 1471 1588 1534 resolves
1642 1480 1703 1533 et
1758 1470 2088 1532 confundes
2147 1489 2216 1532 ac

192 1559 272 1619 sic
323 1559 443 1620 leni
498 1578 722 1639 vapore
777 1559 1034 1621 deficere
1089 1560 1181 1621 vel
1236 1562 1491 1640 excoqui
1547 1560 1756 1641 facies,
1813 1568 1881 1620 ut
1935 1577 2006 1619 ex
2053 1560 2216 1619 omni

123 1661 168 1701 15
192 1648 561 1710 confectione
616 1651 792 1709 uncia
844 1648 1254 1710 medicaminis
1310 1656 1526 1728 restet;
1581 1656 1711 1709 tum
1766 1654 1945 1726 caput
1990 1646 2218 1707 lautum

192 1734 499 1815 diligenter
554 1745 732 1817 atque
784 1740 1073 1799 siccatum
1125 1738 1240 1798 hoc
1296 1736 1685 1798 medicamine
1731 1753 2033 1814 perunges
2083 1752 2216 1814 por·

191 1825 560 1906 riginemque
607 1825 912 1887 discuties.
997 1825 1253 1887 Scobem
1299 1827 1547 1886 citream
1593 1842 1665 1885 ex
1710 1841 1863 1903 aqua
1909 1823 2216 1884 defervere
2256 1836 2323 1887 26

194 1911 363 1974 facies
408 1917 760 1994 nitrumque
807 1932 1085 1994 asperges
1131 1923 1311 1994 atque
1357 1913 1496 1975 inde
1553 1920 1732 1993 caput
1776 1913 2216 1992 porriginosum

193 2010 416 2079 oportet
463 2004 679 2064 lavare.
762 2002 931 2064 Fimo
969 2002 1193 2065 bubulo
1238 2012 1376 2065 usto
1424 2020 1637 2064 sucum
1682 2001 1853 2063 betae
1901 2001 2217 2061 admisceri
2254 2015 2323 2066 26

124 2103 172 2143 20
197 2097 362 2170 atque
408 2093 553 2153 inde
591 2099 770 2171 caput
806 2093 1246 2171 porriginosum
1283 2091 1468 2152 lavari
1504 2099 1741 2171 oportet
1844 2089 2217 2169 Porriginem
2254 2104 2322 2154 27

193 2183 600 2255 potentissime
645 2181 755 2242 hac
801 2182 1042 2260 potione
1098 2180 1409 2260 purgabis:
1465 2181 1865 2241 rosmarinum
1911 2186 2071 2240 teres
2117 2196 2213 2239 su-

195 2283 442 2348 cumque
501 2272 631 2331 eius
688 2271 824 2330 vino
881 2268 975 2330 vel
1028 2287 1180 2348 aqua
1236 2267 1517 2349 scripulis
1572 2268 1766 2329 tribus
1813 2267 1981 2329 dabis
2027 2269 2215 2347 potui,

195 2355 293 2416 sed
346 2360 451 2437 qui
508 2360 692 2419 sumit
755 2375 937 2436 supra
995 2357 1176 2419 limen
1230 2358 1478 2419 adsistat
1530 2357 1711 2436 idque
1769 2356 1969 2417 triduo
2024 2354 2216 2416 faciat.

195 2440 478 2508 Fraxineo
518 2448 722 2507 cinere
758 2445 1017 2507 lixiviam
1054 2454 1348 2508 maturam
1385 2447 1563 2508 nimis
1601 2446 1781 2506 facies
1820 2462 2008 2523 eaque
2038 2451 2218 2521 caput
2254 2456 2323 2507 28

123 2542 174 2586 25
200 2529 406 2596 lavabis
462 2538 527 2597 in
582 2534 821 2617 balneo;
876 2536 1036 2615 quod
1091 2554 1229 2597 cum
1290 2537 1633 2616 siccaveris,
1690 2551 1974 2612 saponem
2021 2541 2082 2592 et
2126 2550 2217 2592 ar·

199 2625 350 2697 genti
385 2641 658 2704 spumam
697 2631 974 2685 conteres
1011 2642 1201 2703 eoque
1236 2631 1416 2702 caput
1445 2621 1798 2702 perfricahis
1826 2623 2217 2702 porriginem-

199 2725 305 2785 que
350 2712 794 2794 exterminabiS,
849 2714 903 2772 si
947 2714 1128 2790 capiti
1174 2711 1334 2773 lauto
1382 2719 1560 2790 atque
1607 2712 1828 2772 siccato
1873 2710 1989 2771 hoo
2035 2708 2218 2769 medi-

199 2814 393 2861 camen
450 2800 778 2863 addideris:
833 2800 1042 2861 Cretae
1089 2799 1370 2861 Cimoliae
1415 2798 1479 2861 P.
1524 2798 1578 2881 I,
1634 2801 1780 2860 nitri
1835 2797 2220 2859 Alexandrini

199 2881 256 2945 P.
291 2885 333 2968 1,
379 2889 686 2969 sulphuris
730 2892 849 2950 vivi
883 2888 944 2949 P.
984 2887 1036 2970 I;
1081 2887 1229 2950 haec
1275 2891 1472 2950 omnia
1515 2887 1852 2949 tunduntur
1889 2895 2066 2965 atque
2105 2887 2217 2946 cri-

127 2985 176 3026 ⁸0
200 2971 440 3039 brantur
487 2987 548 3039 et
593 2980 774 3058 capiti
817 2979 1193 3057 porriginoso
1237 2979 1626 3057 inponuntur.
1699 2975 1837 3036 Mali
1871 2973 2085 3035 Punici
2120 2992 2217 3034 co·
2255 2987 2324 3037 29

203 3064 346 3126 rium
400 3086 474 3129 ex
528 3075 695 3128 aceto
753 3068 1031 3146 coquitur
1087 3074 1150 3126 et
1203 3084 1387 3127 sucus
1438 3068 1568 3127 eius
1616 3065 1797 3144 capiti
1841 3065 2217 3143 porriginoso

202 3150 497 3231 inponitur
543 3163 604 3216 et
649 3156 997 3234 frequenter
1042 3154 1337 3234 abluitur,
1385 3156 1468 3215 ita
1513 3162 1583 3216 ut
1628 3161 1689 3214 et
1733 3155 1928 3232 ipsum
1975 3169 2213 3231 pomum

205 3252 502 3306 excoctum
548 3251 776 3305 teratur
825 3252 885 3305 et
931 3245 1018 3304 sic
1064 3245 1450 3321 exprimatur.
1518 3241 1734 3303 Anethi
1772 3240 1999 3302 surculi
2034 3258 2216 3302 urun·
2256 3252 2324 3301 30

206 3332 297 3388 tur
340 3334 586 3413 eiusque
623 3332 887 3411 pulveris
935 3330 1180 3392 cribrati
1224 3365 1299 3375 ·—-
1332 3330 1375 3412 1,
1422 3329 1734 3392 cicharbae
1778 3362 1854 3373 —-
1888 3328 1968 3389 111
2015 3329 2216 3390 remit-

139 3424 185 3467 8⁵
206 3420 288 3477 tes
330 3421 392 3481 in
436 3421 554 3482 olei
589 3418 707 3480 81
754 3428 816 3481 et
851 3420 1070 3482 adicies
1108 3419 1293 3499 gallae
1330 3427 1540 3481 tunsae
1581 3421 1942 3480 semunciam
1978 3415 2219 3477 inlines·

339 3613 370 3662 6
407 3606 611 3664 delinit
645 3608 873 3678 scripsi.-
919 3605 1213 3663 deliniunt.
