2575 4092
1111 229 1587 295 —296—

332 395 530 455 occisa
574 393 783 474 fuerit,
830 391 904 453 ad
950 400 1221 453 ventrem
1269 411 1446 454 suum
1492 391 1718 474 alliget3
1756 392 1829 453 de
1871 392 2057 453 herba
2107 411 2394 476 quoque,-

332 500 483 561 quae
530 484 719 542 muris
766 481 1032 542 auricula
1078 481 1321 563 dicitur,
1367 499 1580 542 novem
1616 481 1756 542 folia
1793 480 1962 543 tollat
2000 490 2061 543 et
2098 501 2238 545 cum
2279 485 2382 563 pia

332 573 493 650 peris
549 572 751 650 granis
802 569 963 630 VIIII
1014 578 1170 632 terat
1226 579 1287 632 et
1346 589 1418 631 ex
1475 589 1626 651 aqua
1685 570 1851 632 bibat
1908 589 2019 649 per
2077 573 2372 634 triduum.

226 672 293 720 21
333 658 515 720 Talus
572 677 810 739 quoque
867 658 1088 738 leporis
1147 658 1477 721 ventriculo
1536 658 1868 738 subligatus
1923 659 2195 722 dolorem
2240 664 2378 723 eius
2419 715 2443 745 5

227 761 296 809 22
335 747 614 811 excludit.
697 747 1041 809 Lenticulae
1095 747 1333 809 hemina
1388 750 1452 808 in
1506 755 1674 808 aceto
1730 747 2056 809 madefacta
2113 759 2175 811 et
2233 750 2375 812 cibo
2403 762 2428 803 ⁵

232 850 298 898 23
336 838 625 917 potuique
683 836 817 898 data
872 838 1074 899 ieiuno
1131 839 1429 898 extinctos
1485 836 1810 898 lumbricos
1870 840 2093 899 eximit.
2184 839 2377 900 Malva

337 944 474 986 cum
534 927 741 1004 senapi
787 933 954 987 cocta
1001 933 1062 986 et
1108 927 1170 986 in
1217 924 1399 987 calice
1446 928 1638 1004 posita
1684 944 1752 986 ac
1800 925 2144 988 sorbitionis
2192 929 2377 989 modo

229 1026 301 1075 24
340 1017 578 1094 saepius
635 1022 867 1093 gustata
925 1016 1226 1075 succurrit
1280 1013 1568 1075 molestiis
1614 1014 2062 1076 lumbricorum.
2146 1016 2379 1078 Grano-

336 1122 473 1165 rum
519 1103 593 1164 de
637 1101 808 1164 malis
844 1101 1087 1163 Punicis
1133 1101 1399 1164 dulcium
1445 1102 1869 1182 acidorumque
1907 1122 2089 1165 sucus
2128 1124 2377 1185 expres-

337 1211 442 1253 sus
487 1209 662 1271 passo
711 1190 978 1251 eiusdem
1023 1208 1341 1252 mensurae
1389 1193 1742 1252 inmiscetur
1786 1194 2179 1272 potionesque
2217 1193 2375 1256 duae
2403 1207 2453 1246 1⁰

336 1279 409 1339 de
467 1281 762 1359 permixto
818 1279 970 1340 fiunt
1026 1287 1086 1340 et
1139 1298 1258 1340 una
1315 1289 1452 1341 ante
1517 1298 1724 1341 cenam
1789 1281 1991 1362 datur,
2055 1281 2168 1342 alia
2231 1292 2375 1362 post

337 1386 572 1449 cenam,
627 1376 868 1446 postera
924 1367 1022 1429 die
1077 1371 1328 1429 tertiave
1382 1367 1710 1430 lumbricos
1763 1368 1858 1430 vel
1911 1372 2104 1431 tineas
2158 1380 2374 1450 poten-

335 1464 431 1517 ter
476 1456 731 1535 expellit.

228 1554 299 1605 26
517 1544 765 1607 Stercus
812 1548 1121 1625 caprinum
1168 1546 1402 1607 aridum
1447 1548 1658 1607 tritum
1704 1545 1936 1607 adiecto
1982 1546 2155 1607 melle
2197 1552 2374 1628 potui

229 1645 298 1693 26
337 1634 542 1695 datum
579 1653 654 1695 ex
690 1653 841 1713 aqua
880 1634 1065 1696 calida
1102 1637 1252 1696 mire
1288 1634 1570 1714 producit
1606 1636 1814 1696 tineaS.
1879 1634 2116 1696 Cervini
2146 1655 2372 1699 cornus
2399 1649 2445 1690 1⁵

338 1722 616 1784 conbusti
671 1725 822 1784 cinis
887 1726 1064 1785 tritus
1120 1742 1192 1784 ex
1246 1742 1399 1803 aqua
1452 1732 1631 1802 potus
1687 1726 1879 1784 tineas
1934 1732 2215 1804 potenter
2275 1746 2373 1788 ex-

229 1821 296 1871 27
336 1810 517 1891 pellit.
592 1811 855 1872 Rafanus
903 1831 974 1872 ex
1022 1831 1172 1891 aqua
1217 1812 1288 1873 ad
1338 1814 1545 1873 tertias
1591 1811 1950 1892 decoquitur
1998 1832 2187 1893 eaque
2226 1818 2368 1876 vino

228 1911 297 1961 28
336 1900 519 1960 mixta
565 1899 638 1960 ad
685 1901 1065 1979 extirpandas
1110 1904 1302 1961 tineas
1347 1901 1575 1962 utiliter
1620 1899 1863 1962 bibitur.
1938 1901 2128 1962 Radix
2169 1904 2372 1966 inulae

335 1991 398 2049 in
444 1990 582 2049 vino
622 1988 996 2071 decoquitur,
1045 1990 1259 2051 deinde
1298 2008 1481 2051 sucus
1520 1992 1649 2051 eius
1687 1993 2041 2068 exprimitur
2077 1996 2371 2073 potuique

336 2077 512 2139 datur
558 2078 630 2138 ad
678 2080 868 2138 tineas
906 2079 1268 2160 enecandas;
1317 2079 1421 2140 sed
1462 2098 1529 2140 ea
1566 2079 1733 2140 radix
1771 2089 2157 2158 posteaquam
2198 2091 2372 2143 eruta
2399 2091 2447 2131 ²⁰

229 2178 297 2226 29
339 2174 448 2246 est,
497 2172 720 2226 terram
766 2184 885 2226 non
933 2166 1111 2228 debet
1157 2168 1481 2247 adtingere.
1563 2167 1775 2229 Aleum
1819 2171 1882 2229 in
1930 2168 2226 2230 oenomeli
2272 2171 2373 2231 de-

341 2261 580 2315 coctum
628 2262 687 2314 et
733 2265 1001 2316 voratum
1048 2255 1318 2333 proderit
1362 2255 1672 2318 lumbricis
1714 2257 1804 2317 vel
1843 2259 2020 2318 tineis
2057 2259 2372 2340 necandis3

341 2360 493 2421 aqua
541 2360 796 2423 quoque,
841 2345 904 2402 in
953 2362 1067 2422 qua
1114 2344 1306 2423 lupini
1344 2345 1577 2407 decocti
1612 2346 1855 2426 fuerint,
1902 2346 2098 2408 addita
2135 2355 2274 2409 ruta
2313 2361 2373 2409 et

231 2443 301 2492 30
339 2432 548 2509 pipere
595 2433 738 2491 trito
775 2433 946 2510 potui
981 2432 1115 2494 data
1151 2434 1444 2497 medetur.
1516 2436 1690 2496 Acini
1727 2438 1850 2495 sive
1888 2436 2158 2514 corymbi
2193 2436 2372 2498 hede-

339 2537 440 2580 rae
479 2527 604 2580 tres
643 2522 889 2581 contriti
925 2523 987 2581 in
1025 2523 1277 2602 oxymeli
1317 2523 1544 2584 utiliter
1582 2525 1897 2584 adversum
1930 2526 2122 2585 tineas
2155 2525 2373 2587 bibun-
2400 2535 2446 2575 2⁵

337 2616 441 2669 tur
485 2616 588 2668 aut
632 2612 827 2671 ventri
871 2610 1222 2672 inlinuntur.

231 2709 299 2758 31
520 2696 799 2758 Absinthi
835 2701 981 2760 sicci
1009 2698 1318 2761 Santonici
1354 2700 1632 2762 conbusti
1659 2700 1935 2781 cyathum
1965 2720 2170 2780 unum,
2201 2705 2376 2764 corni

338 2787 566 2846 cervini
612 2786 891 2848 conbusti
928 2788 1203 2867 cyathum
1241 2808 1448 2870 unum,
1484 2791 1603 2869 apii
1640 2792 1886 2850 seminis
1922 2792 2051 2852 triti
2087 2792 2373 2871 cyathum

337 2893 525 2935 unum
570 2874 852 2936 miscebis
901 2884 961 2937 et
1006 2879 1234 2959 ieiuno,
1293 2880 1396 2956 qui
1444 2880 1638 2939 tineas
1691 2878 2137 2959 lumbricosque
2183 2882 2372 2960 patie-

337 2972 453 3042 tur,
501 2982 573 3024 ex
620 2981 771 3043 aqua
810 2964 995 3025 calida
1031 2968 1202 3045 potui
1239 2966 1407 3028 dabis
1444 2967 1785 3028 moderatus
1824 2986 2166 3029 mensuram
2204 2971 2371 3030 iuxta
2398 2978 2445 3019 ³⁰

336 3059 589 3111 aetatem
636 3055 944 3113 sumentis.

226 3152 296 3201 32
512 3139 602 3205 Ad
649 3139 974 3202 lumbricos
1021 3143 1324 3214 eiciendos
1368 3143 1702 3205 remedium
1750 3146 1965 3205 mirum
2014 3146 2128 3207 sic:
2196 3145 2369 3207 Satu-

334 3230 496 3290 reiae
551 3229 773 3289 fascem
830 3230 1055 3292 bonurn
1102 3250 1240 3293 cum
1286 3251 1472 3311 aquae
1520 3230 1582 3293 8
1622 3231 1703 3292 ΠΙ
1750 3235 1950 3293 mittes
1987 3235 2050 3293 in
2096 3252 2199 3295 vas
2248 3254 2368 3296 am-

334 3317 500 3396 plum
558 3326 617 3379 et
673 3317 989 3398 diligenter
1043 3319 1310 3403 claudeS,
1364 3330 1604 3400 postera
1658 3320 1755 3382 die
1811 3322 2030 3383 colabis
2077 3330 2141 3383 et
2185 3324 2369 3385 addes

479 3531 509 3578 3
549 3526 609 3579 et
645 3530 773 3580 ante
810 3542 877 3580 ex
913 3542 1013 3582 om.
1169 3530 1238 3578 23
1274 3524 1464 3580 fuerit.
1616 3533 1686 3580 24
1721 3526 1904 3595 putui.
2065 3534 2135 3583 30
2170 3528 2366 3583 mode-

334 3594 520 3646 ratam
559 3596 880 3654 Carnarius.
1051 3601 1121 3651 32
1160 3595 1486 3651 lumbricus.
1668 3597 1972 3670 satureiae]
2010 3598 2365 3669 eadm-egem.
