2575 4092
1021 240 1502 305 —101-

241 398 496 460 Faciunt
551 398 704 461 bene
761 400 831 461 ad
880 403 1113 462 aurium
1161 404 1303 465 vitia
1350 411 1411 464 et
1461 403 1804 485 emplastra,
1851 423 2003 485 quae
2050 407 2271 485 scripta
2310 419 2379 469 os

239 495 383 549 sunt
438 490 502 548 in
550 489 817 550 secundo
862 489 1043 571 libro,
1098 490 1354 570 plurima
1404 510 1536 552 rosa
1584 492 1675 553 vel
1720 492 2090 574 amygdalino
2136 496 2274 555 vino

237 576 458 656 diluta,
533 580 854 658 praecipue
920 597 1072 658 quae
1135 581 1550 643 inscribuntur
1612 581 1915 661 Cyzicena.
2024 581 2276 644 Terreni
2311 595 2383 646 64

237 683 480 726 vermes
543 685 682 727 cum
745 666 920 746 adipe
983 670 1214 730 anseris
1280 669 1515 731 decocti
1577 671 1976 732 infunduntur
2029 671 2276 733 auribus

180 769 210 811 5
239 762 451 816 contra
507 757 625 815 iam
681 755 986 835 deplorata
1043 759 1199 819 vitia.
1293 757 1552 837 Spumae
1601 761 1831 838 argenti
1878 751 1959 847 ,9-
2005 758 2106 840 vl,
2160 759 2277 821 olei
2312 772 2383 824 6⁶

239 842 464 904 laurini
518 843 731 906 libram
786 852 949 906 teres
1004 847 1065 907 in
1112 849 1399 908 mortario
1446 856 1508 908 et
1552 864 1774 926 coques
1821 847 1894 909 ad
1941 848 2277 928 spissitudi-

238 950 377 993 nem
446 932 639 993 mellis
703 941 764 994 et
819 934 1118 996 auriculae
1174 935 1401 997 dolenti
1455 936 1751 997 infundes.
1844 935 1908 996 Si
1963 946 2160 998 autem
2216 945 2278 998 et

239 1028 464 1102 cetera,
502 1039 653 1100 quae
690 1023 844 1083 infra
881 1025 1102 1102 scripta
1133 1032 1292 1104 sunt,
1320 1023 1619 1105 habueris,
1657 1024 1864 1086 eadem
1901 1025 2279 1087 medicamini

239 1109 628 1171 admiscebis:
675 1110 848 1172 Croci
896 1104 976 1198 ,9-
1023 1111 1065 1191 l,
1115 1132 1353 1174 murrae
1401 1106 1481 1200 ,9-
1520 1112 1590 1194 11,
1638 1131 1807 1175 rosae
1855 1117 2048 1175 siccae
2087 1106 2168 1202 ,9-
2205 1113 2277 1176 11.

153 1215 211 1254 ιο
239 1197 403 1259 Haec
452 1201 727 1260 universa
775 1203 998 1279 pariter
1044 1200 1326 1262 miscebis
1371 1211 1432 1263 et
1477 1201 1777 1265 auriculae
1817 1203 2041 1265 dolenti
2078 1205 2274 1265 infun·

240 1288 379 1368 des3
427 1306 543 1366 qua
586 1306 651 1348 re
690 1289 928 1350 curabis
967 1298 1027 1351 et
1062 1291 1507 1352 concretionem
1544 1294 1667 1353 sive
1706 1294 2139 1373 ypersarcosim
2176 1310 2275 1352 au·

238 1378 428 1456 rium,
494 1379 547 1436 si
610 1377 794 1438 addes
849 1385 912 1438 et
977 1377 1254 1440 aluminis
1319 1379 1530 1441 schisti
1586 1373 1666 1467 ,9-
1723 1379 1804 1461 11,
1867 1381 1985 1442 olei
2047 1380 2279 1443 cedrini

238 1464 489 1544 cyathos
531 1458 611 1552 ,9-
639 1464 762 1526 llll.
829 1466 1129 1528 Adversus
1168 1471 1515 1547 gravitatem
1553 1469 1833 1530 audiendi
1870 1469 1949 1529 fel
1987 1469 2275 1530 bubulum
2313 1487 2383 1536 ss

238 1572 382 1614 cum
429 1556 602 1614 urina
647 1554 803 1616 hirci
848 1556 1164 1637 auriculae,
1204 1575 1355 1636 quae
1395 1558 1725 1618 molestiam
1773 1557 2095 1636 surdiginis
2132 1559 2277 1635 pati·

154 1661 211 1702 15
240 1652 379 1722 tur,
442 1643 757 1704 instillabis
813 1647 1130 1723 statimque
1187 1645 1523 1707 subvenies.
1627 1645 1888 1707 Auribus
1944 1644 2278 1725 purulentis
2315 1663 2383 1713 67

239 1734 473 1791 nitrum
500 1734 638 1793 vino
672 1731 1055 1811 liquefactum
1091 1742 1254 1795 recte
1294 1734 1648 1815 infunditur,
1687 1736 1825 1813 quia
1863 1737 2066 1794 statim
2102 1733 2279 1812 prod·

241 1828 355 1880 est.
446 1819 534 1880 Ad
599 1824 833 1882 aurium
900 1821 1193 1903 dolorem,
1260 1841 1412 1903 quae
1476 1841 1591 1902 pus
1659 1824 1962 1903 emittent,
2024 1822 2279 1883 laridum
2316 1841 2384 1889 68

240 1910 719 1970 vetustissimum
766 1917 926 1972 teres
971 1913 1034 1972 in
1082 1913 1369 1972 mortario
1425 1920 1486 1973 et
1532 1929 1742 1973 sucum
1789 1910 1955 1972 illum
2004 1910 2134 1972 lana
2180 1910 2278 1971 de·

241 1997 419 2057 licata
483 1998 800 2061 collectum
866 2001 929 2061 in
994 2000 1321 2061 auriculam
1377 2002 1645 2062 inmittes
1702 2007 1763 2061 et
1818 1999 2071 2061 subinde
2127 2017 2280 2079 aqua

150 2108 214 2147 so
241 2084 433 2158 calida
478 2086 705 2148 fovebis
752 2096 812 2149 et
855 2090 1077 2150 iterum
1124 2107 1337 2151 sucum
1382 2089 1548 2150 illum
1596 2089 1893 2169 infundes,
1938 2092 2087 2150 mira
2125 2088 2278 2149 velo·

241 2177 425 2235 eitate
480 2176 732 2237 sanabiS.
825 2175 1125 2239 Pullinum
1181 2180 1530 2258 sanguinem
1577 2179 1846 2257 tepidum
1891 2181 1952 2239 in
2001 2196 2129 2239 eam
2177 2196 2277 2239 au·
2314 2195 2382 2246 69

239 2282 400 2344 rem,
461 2283 611 2343 quae
669 2265 984 2327 obtunsior
1043 2268 1160 2327 erit
1210 2266 1302 2327 vel
1347 2267 1597 2347 dolebit,
1651 2267 1950 2329 infundes.
2039 2266 2278 2328 Lotium
2315 2284 2384 2334 70

241 2354 556 2431 caprinum
610 2354 726 2415 suh
784 2372 854 2414 eo
910 2364 1240 2436 momento,
1298 2374 1416 2434 quo
1474 2358 1767 2437 egeritur,
1826 2355 2090 2436 tepidum
2146 2356 2279 2416 auri

240 2441 536 2502 obtunsae
592 2442 888 2504 infundes.
979 2444 1125 2522 Apri
1180 2447 1355 2505 etiam
1410 2444 1618 2506 lotium
1667 2447 1728 2506 in
1778 2444 1940 2506 fumo
1988 2446 2277 2505 siccatum
2315 2461 2380 2512 τι

153 2549 212 2590 25
240 2539 304 2589 et
368 2530 541 2592 melle
601 2531 985 2611 liquefactum
1042 2535 1174 2594 auri
1228 2532 1566 2594 infunditur
1621 2540 1682 2594 et
1736 2533 2027 2594 remediat
2081 2531 2274 2593 surdi·

238 2619 506 2697 diginem
558 2619 652 2681 vel
707 2620 990 2682 dolorem.
1080 2620 1166 2681 Ad
1224 2624 1388 2682 auris
1433 2621 1699 2683 dolorem
1744 2620 1861 2683 mel
1908 2620 2273 2682 stillaticium
2313 2638 2383 2687 72

240 2725 395 2787 opus
441 2716 550 2789 est,
597 2710 756 2788 quod
804 2712 885 2770 ita
931 2709 1132 2770 facies.
1198 2709 1420 2771 Favum
1467 2711 1800 2772 contundes
1846 2718 1907 2771 et
1945 2709 2276 2790 suspendes

238 2798 305 2856 in
359 2796 544 2858 linteo
599 2797 790 2858 nitido
847 2805 908 2858 et
964 2798 1149 2859 denso
1206 2808 1267 2859 et
1314 2799 1472 2879 quod
1521 2800 1938 2861 decucurrerit
1983 2801 2277 2877 suscipies

237 2887 304 2945 in
351 2886 565 2968 calice3
611 2905 789 2965 quem
836 2887 1081 2948 calicem
1125 2895 1332 2966 postea
1379 2906 1565 2967 pones
1610 2890 1673 2949 in
1719 2887 1899 2949 ollula
1945 2886 2097 2948 fabri
2135 2905 2274 2948 cum

154 2996 212 3035 so
240 2973 431 3035 calida
479 2974 938 3055 ferventissima,
996 2986 1281 3054 quantum
1329 2976 1481 3037 calix
1529 2977 1778 3038 sufferre
1824 2977 2042 3057 possit,
2097 2983 2277 3056 atque

240 3062 380 3124 inde
439 3063 773 3125 medicinali
823 3064 1066 3143 specillo
1111 3066 1174 3125 in
1221 3083 1423 3127 aurem
1482 3064 1788 3146 infundes,
1837 3083 1985 3143 quae
2035 3064 2278 3144 dolebit,

241 3170 419 3231 quam
469 3151 599 3213 lana
638 3153 895 3214 claudes,
988 3152 1186 3214 lacere
1237 3162 1436 3214 autem
1483 3154 1661 3215 debet
1705 3157 1769 3214 in
1815 3153 1928 3214 alio
1975 3153 2159 3215 latere
2205 3156 2279 3228 is,

240 3245 340 3301 cui
388 3241 747 3302 medendum
787 3250 896 3318 est,
942 3249 1059 3303 tam
1107 3242 1228 3323 diu,
1275 3243 1462 3303 donec
1502 3242 1802 3304 combibat
1838 3242 1955 3304 mel
1993 3242 2152 3322 quod
2190 3245 2276 3302 in·

241 3329 442 3391 fusum
490 3331 689 3394 fuerit.
783 3329 1000 3392 Sabuci
1047 3350 1217 3393 uvam
1266 3339 1559 3393 maturam
1615 3334 1913 3411 exprimes
1963 3340 2025 3392 et
2068 3348 2276 3411 poneS,
2315 3348 2382 3398 ⁷3

387 3471 416 3518 1
458 3465 531 3519 ad
568 3482 669 3520 om.
847 3469 910 3518 12
949 3466 999 3520 si
1034 3482 1134 3522 om.
1309 3466 1531 3537 schisti]
1569 3464 1786 3521 scienti.
1961 3471 2026 3520 13
2066 3468 2274 3534 cyatos.

244 3541 311 3591 14
350 3535 522 3607 quae]
560 3554 742 3605 quem.
937 3542 1007 3591 23
1044 3553 1154 3606 quo
1192 3538 1466 3609 egeritur]
1505 3538 1771 3606 coegitur.
1933 3541 2002 3590 29
2041 3535 2275 3591 ollolam

240 3606 421 3663 fabari
601 3612 669 3662 30
708 3606 940 3664 sufferri.
1088 3614 1153 3663 31
1192 3608 1433 3679 spicillo.
1580 3614 1647 3663 33
1687 3604 1990 3662 eumbibat.
