2575 4092
996 218 1472 283 —337—

402 378 731 440 Adversum
779 381 1092 458 inguinum
1129 380 1436 459 paniculas
1472 380 1802 442 remedium
1841 383 1955 442 sic:
2001 381 2242 443 Nastur·
2282 395 2315 444 8

216 471 378 530 cium
428 486 565 528 cum
611 470 745 548 pice
791 470 1117 547 inpositum
1154 469 1461 547 paniculas
1497 468 1769 549 discutit3
1817 472 2065 532 maturis
2103 489 2241 531 vero

215 564 320 617 aut
376 556 920 618 maturescentibus
975 556 1267 636 paniculis
1322 557 1438 618 tale
1494 556 1858 619 medicamen
1915 558 2241 640 adhibebis,

212 645 274 706 id
332 654 426 705 est
479 644 820 707 lenticulam
875 653 935 706 et
991 646 1146 707 lauri
1190 645 1367 707 bacas
1423 664 1495 706 ex
1547 648 1727 706 tertio
1783 649 1946 708 iuxta
2000 666 2238 709 mensu-

157 756 187 798 ⁶
213 751 344 794 ram
380 732 696 798 lenticulae
742 734 1042 814 decoques
1088 737 1151 795 in
1192 753 1344 814 aqua
1383 742 1444 795 et
1480 733 1930 813 diligentissime
1965 736 2240 798 manibus

211 822 459 902 subiges
524 831 585 883 et
648 841 785 884 cum
844 823 977 883 lana
1032 822 1285 884 calidum
1343 824 1670 884 fomentum
1726 824 2014 905 adpones,
2081 826 2237 905 quod

212 914 333 972 cito
391 929 459 971 ac
515 911 897 972 vehementer
953 919 1013 973 et
1069 911 1337 973 dolorem
1390 912 1675 973 discutiet
1729 922 1789 973 et
1845 932 2084 975 umores
2135 932 2237 974 no·

208 1002 341 1060 xios
386 1000 680 1079 purgabit.

390 1087 615 1150 Ervum
652 1096 825 1150 vetus
861 1091 924 1149 in
962 1089 1210 1150 farinam
1243 1089 1647 1150 mollissimam
1676 1090 1985 1151 redactum
2015 1101 2076 1151 et
2103 1109 2240 1152 cum
2277 1106 2308 1155 9

127 1202 183 1242 10
210 1176 389 1238 melle
435 1179 762 1256 inpositum
807 1177 1100 1258 paniculis
1146 1177 1436 1240 medetur.
1513 1177 1781 1239 Mirabile
1827 1178 1942 1240 hoc
1986 1179 2238 1241 medica·
2278 1194 2346 1242 ιο

211 1274 482 1327 mentum
536 1266 830 1345 paniculis
877 1266 1153 1327 sanandis
1200 1269 1314 1328 sic:
1378 1267 1733 1347 Hyoscyami
1778 1268 2054 1329 foliorum
2100 1270 2237 1329 viri-

210 1355 378 1416 dium
425 1353 486 1415 P.
527 1355 596 1437 11,
641 1357 875 1416 resinae
922 1358 1179 1435 pityinae
1225 1355 1288 1416 P.
1330 1356 1399 1435 Π,
1447 1374 1619 1417 cerae
1655 1356 1720 1417 P.
1757 1356 1828 1437 ΙΙ,
1875 1357 2064 1438 adipis
2101 1376 2236 1437 por-

210 1445 383 1504 cinae
431 1445 558 1504 sine
606 1442 727 1504 sale
764 1443 828 1504 P.
866 1444 937 1525 11,
983 1444 1217 1522 galbani
1253 1443 1316 1505 P.
1353 1444 1424 1506 11.
1497 1444 1709 1506 Omnia
1748 1444 1893 1505 haec
1932 1454 2107 1506 tunsa
2145 1446 2237 1506 vel

207 1534 465 1593 remissa
519 1534 582 1592 in
638 1551 825 1593 unum
880 1551 1099 1613 corpus
1155 1532 1390 1611 rediges
1445 1540 1506 1594 et
1560 1532 1864 1611 emplastri
1914 1534 2090 1594 modo
2138 1534 2235 1595 ad-

121 1646 175 1687 15
206 1638 416 1702 pones,
501 1620 734 1681 Calcem
781 1623 995 1702 vivam,
1043 1622 1143 1682 alii
1188 1624 1381 1700 capita
1426 1622 1572 1703 duo,
1618 1620 1847 1682 vitellos
1895 1630 2098 1683 coctos
2145 1622 2235 1683 vel
2276 1637 2341 1685 11

203 1713 478 1770 incoctos
515 1727 761 1770 ovorum
800 1712 1010 1772 trium:
1056 1709 1234 1771 simul
1270 1713 1467 1771 omnia
1504 1712 1795 1791 permixta
1833 1718 1894 1771 et
1931 1710 2234 1790 emplastri

204 1816 377 1859 more
433 1798 700 1877 adposita
756 1816 993 1859 omnem
1047 1807 1343 1860 tumorem
1400 1808 1460 1860 et
1517 1799 1781 1860 dolorem
1826 1799 2232 1878 panicularum

204 1888 565 1966 dispergunt
610 1895 671 1948 et
718 1888 942 1948 sedant.

390 1975 717 2037 Galbanum
765 1976 958 2037 solum
1004 1978 1163 2036 inter
1198 1977 1494 2055 principia
1531 1975 1752 2036 doloris
1787 1976 2097 2055 paniculae
2136 1978 2232 2038 ad·
2274 1990 2338 2038 12

118 2091 176 2130 so
204 2066 470 2146 positum
519 2065 841 2144 plurimum
876 2065 1139 2144 prodest.
1211 2064 1482 2126 Feniculi
1519 2065 1706 2124 farina
1744 2083 1817 2125 ex
1854 2065 2041 2126 mulsa
2082 2083 2230 2145 aqua
2274 2080 2339 2127 13

206 2155 455 2215 decocta
509 2153 707 2215 addita
762 2157 1015 2232 axungia
1061 2154 1329 2233 adposita
1375 2153 1639 2214 dolorem
1685 2156 1994 2232 inguinum
2042 2154 2232 2235 sedat3

206 2244 387 2303 fimus
423 2241 693 2304 hircinus
731 2262 869 2304 cum
907 2242 1079 2304 melle
1109 2244 1392 2304 decoctus
1422 2243 1730 2321 adpositus
1757 2242 2052 2322 paniculis
2080 2245 2232 2303 sani-

206 2339 392 2392 tatem
430 2350 751 2410 congruam
788 2339 1066 2411 praestat.
1132 2331 1305 2392 Creta
1335 2330 1577 2392 Cimolia
1613 2332 1755 2392 trita
1792 2339 1853 2392 et
1889 2350 2025 2393 cum
2063 2339 2232 2393 aceto
2272 2345 2339 2393 14
2398 2409 2411 2416 ἃ

207 2420 633 2499 superinducta
673 2420 911 2481 cohibet
946 2420 1354 2498 panicularum
1392 2428 1704 2481 tumorem.
1770 2418 1906 2480 Sive
1943 2422 2230 2500 incipieu-
2272 2433 2337 2482 15

119 2532 178 2573 25
208 2518 335 2570 tem
379 2508 716 2587 paniculam
762 2511 1075 2588 comprimi
1120 2527 1271 2588 opus
1310 2511 1388 2569 sit
1424 2511 1546 2569 sive
1590 2517 1934 2569 concoctam
1972 2509 2233 2591 dissolvi,

204 2597 533 2679 praestabit
588 2598 974 2659 utilissimum
1028 2597 1360 2658 remedium
1412 2599 1564 2657 ciuis
1609 2598 1906 2658 muricum
1952 2597 2047 2658 vel
2090 2615 2230 2677 pur·

204 2705 497 2768 purarum
543 2694 886 2747 exustarum
934 2705 1068 2747 cum
1117 2685 1246 2746 oleo
1293 2694 1495 2747 vetere
1541 2687 1855 2763 impositus
1900 2685 1989 2746 vel
2025 2705 2228 2764 super-

208 2777 443 2838 ductuS.
509 2776 730 2854 Lupini
774 2794 848 2835 ex
894 2783 1059 2835 aceto
1108 2777 1263 2838 cocti
1301 2783 1361 2835 et
1398 2774 1630 2835 subacti
1667 2781 1727 2835 et
1763 2792 1872 2852 pro
1911 2774 2228 2853 emplastro
2270 2786 2334 2835 16

208 2866 465 2945 adpositi
520 2882 757 2926 causam
811 2863 1221 2943 panicularum
1275 2870 1576 2924 maturant
1630 2872 1691 2924 et
1746 2865 2025 2924 minuunt
2068 2861 2228 2922 dolo-

116 2976 176 3016 so
206 2973 353 3015 rem.
434 2954 613 3015 Ficus
668 2952 942 3013 Africana
996 2960 1228 3013 vetusta
1286 2971 1360 3012 cx
1415 2955 1549 3013 vino
1607 2951 1850 3012 decocta
1903 2960 2077 3012 tunsa
2135 2950 2228 3012 vel
2270 2964 2333 3013 17

205 3045 348 3104 trita
393 3042 621 3104 utiliter
667 3040 957 3122 paniculis
1004 3041 1341 3120 adponitur.

383 3131 469 3192 Ne
523 3134 745 3209 inguen
802 3149 875 3191 ex
919 3130 1123 3191 ulcere
1170 3130 1366 3209 aliquo
1414 3139 1516 3191 aut
1560 3129 1804 3191 vulnere
1851 3132 2226 3210 intumescat,
2269 3139 2333 3188 18

203 3219 512 3282 surculum
570 3219 772 3280 anethi
827 3221 889 3279 in
936 3218 1174 3297 cingulo
1221 3228 1324 3280 aut
1368 3222 1431 3281 in
1476 3220 1657 3280 fascia
1704 3218 1918 3279 habeto
1964 3217 2226 3297 ligatum.

204 3309 271 3369 In
320 3317 520 3388 sparto
557 3308 650 3369 vel
688 3326 1065 3387 quocumque
1102 3307 1358 3390 vinculo,
1405 3327 1520 3387 quo
1563 3307 1736 3369 holus
1773 3314 1875 3367 aut
1911 3306 2224 3367 obsonium
2265 3318 2333 3365 19

13 3419 14 3448 τ
114 3418 171 3459 35
204 3398 388 3459 suerit
422 3400 725 3478 innexum,
763 3404 989 3475 septem
1028 3396 1215 3458 nodos
1253 3398 1433 3458 facies
1463 3404 1523 3457 et
1548 3415 1657 3475 per
1685 3394 1949 3473 singulos
1978 3402 2225 3455 nectens

205 3486 536 3547 nominabis
574 3486 836 3564 singulas
874 3504 1022 3546 anus
1060 3485 1266 3546 viduas
1307 3493 1366 3547 et
1393 3484 1655 3564 singulas
1685 3484 1839 3543 feras
1869 3491 1927 3543 et
1955 3485 2017 3543 in
2047 3501 2224 3543 crure

203 3574 297 3635 vel
352 3574 621 3656 brachio,
678 3576 849 3635 cuius
903 3592 1043 3652 pars
1090 3574 1394 3636 vulnerata
1441 3574 1647 3652 fuerit,
1694 3569 1976 3649 alligabis,
2061 3569 2224 3640 Quae

308 3686 632 3738 macianus,
660 3695 738 3725 nn.
767 3684 1078 3724 Hnnmnmcn.
1837 3676 1903 3723 22
