2575 4092
984 243 1471 309 -197—

217 408 486 470 dolorem
543 419 603 470 et
658 410 732 471 ad
787 407 1067 470 convulsa
1122 407 1217 468 vel
1264 416 1441 487 rupta
1488 410 1771 471 interiora
1818 417 1879 471 et
1925 410 1996 471 ad
2045 411 2253 472 urinae

216 498 631 560 difficultatem
677 499 811 559 data
855 498 1180 579 plurimum
1227 498 1407 558 iuvat.

398 587 763 667 Cataplasma
809 587 923 648 hoc
971 585 1275 648 stomacho
1323 588 1611 666 inponere
1655 604 1776 648 non
1813 587 2072 650 alienum
2111 591 2253 652 erit:
2290 603 2359 652 30

214 677 355 737 Mali
411 677 659 756 cydonei
715 696 787 738 ex
843 677 1030 737 farina
1088 678 1269 756 cocti,
1327 675 1387 736 id
1444 683 1536 736 est
1581 674 1700 737 illic
1747 677 2022 757 involuti,
2070 675 2122 738 X
2160 676 2252 755 VI,

162 784 188 825 5
216 775 592 827 careotarum
632 765 845 845 pulpae
884 764 1164 826 subactae
1204 763 1254 825 X
1283 763 1381 844 ΙΙΙ,
1429 783 1601 826 cerae
1630 798 1716 808 —
1746 764 1865 846 VII,
1908 769 2071 828 croci
2101 764 2151 827 X
2181 765 2252 849 Il,

216 855 482 916 absinthi
527 853 579 914 X
617 854 687 936 Il,
733 855 847 916 olei
892 854 1096 916 malini
1143 862 1246 914 aut
1282 856 1498 934 myrtei
1535 852 1586 914 X
1625 853 1714 914 VI.
1784 852 1930 916 Vino
1969 874 2249 934 conspar-

218 946 381 1023 gitur
437 962 709 1025 crocum,
773 945 935 1005 arida
1002 943 1369 1023 tunduntur,
1435 962 1571 1004 cera
1629 943 1896 1023 liquatur
1960 953 2020 1006 et
2075 942 2252 1006 simul

215 1035 414 1093 omnia
463 1034 928 1095 commiscentur
975 1040 1152 1112 atque
1200 1034 1282 1093 ita
1330 1032 1714 1112 adponuntur
1769 1051 1941 1093 mane
1988 1035 2052 1093 in
2098 1033 2251 1094 lecto

214 1122 526 1183 stomacho
571 1121 879 1183 laboranti.
940 1120 1068 1182 Hoc
1115 1139 1355 1202 quoque
1402 1122 1757 1202 cataplasma
1795 1121 2102 1184 stomacho
2142 1123 2252 1184 uti·
2290 1136 2358 1185 31

136 1230 188 1269 ιο
216 1212 516 1272 lissimum
580 1219 703 1273 est:
794 1210 1129 1272 Palmarum
1184 1212 1504 1272 interiores
1560 1221 1761 1290 partes
1819 1210 1870 1272 X
1917 1211 2023 1291 111,
2090 1213 2256 1273 croci

214 1300 266 1360 X
305 1300 404 1380 III,
452 1299 859 1379 hypocistidos
903 1298 955 1359 X
993 1299 1019 1360 I
1059 1299 1118 1380 S,
1165 1299 1305 1360 mali
1350 1300 1601 1379 cydonei
1647 1303 1822 1382 cocti,
1869 1310 1937 1362 ut
1973 1302 2253 1381 superius

214 1390 361 1469 dixi,
410 1388 461 1449 X
499 1388 590 1468 VI,
637 1388 913 1450 absenthi
958 1391 1087 1450 suci
1134 1388 1185 1448 X
1222 1387 1321 1468 111,
1368 1387 1533 1450 floris
1581 1390 1716 1450 mali
1764 1394 1992 1468 granati
2041 1389 2092 1451 X
2129 1391 2156 1450 Ι
2194 1389 2254 1471 S,

213 1479 401 1539 faecis
458 1480 583 1538 vini
640 1477 774 1539 Chii
819 1477 871 1538 X
909 1476 1008 1560 VI,
1063 1495 1236 1538 cerae
1284 1477 1337 1537 X
1375 1476 1511 1558 XII,
1567 1477 1686 1539 olei
1741 1482 1986 1558 myrtini
2041 1478 2092 1539 X
2131 1477 2258 1560 XII,

216 1566 557 1628 chameleae
613 1570 771 1648 eius,
827 1584 980 1646 quae
1033 1567 1248 1628 similia
1303 1566 1441 1627 folia
1487 1565 1667 1627 habet
1712 1566 1928 1648 olivae,
1984 1586 2056 1628 ex
2103 1585 2257 1645 aqua

138 1674 189 1715 ιε
217 1665 426 1718 coctae
481 1656 532 1716 X
568 1655 671 1738 V13
724 1656 974 1717 mirifice
1033 1658 1191 1716 enim
1246 1655 1495 1735 prodest
1550 1655 1882 1734 stomacho,
1937 1658 2257 1735 praecipue

217 1765 402 1808 sucus
459 1745 729 1807 eiusdem
787 1744 1062 1806 similiter
1119 1746 1436 1824 impositus
1490 1744 1563 1805 ad
1616 1744 1897 1806 convulsa
1943 1744 2036 1805 vel
2081 1754 2259 1824 rupta

216 1836 824 1897 convenientissimus
871 1842 980 1895 est.

398 1923 579 1984 Hiera
627 1922 699 1984 ad
747 1922 1120 1984 stomachum
1166 1921 1665 2001 confirmandum,
1712 1931 1910 1983 movet
1954 1922 2258 1983 interdum
2294 1934 2363 1984 32

213 2021 519 2091 ventrem,
579 2012 883 2074 interdum
950 2015 1212 2091 urinam,
1279 2011 1595 2072 conficitur
1660 2012 1775 2073 sic:
1864 2010 2041 2072 Aloes
2097 2010 2148 2071 X
2193 2009 2259 2091 V,

135 2120 190 2160 20
215 2101 634 2184 xylobalsami,
682 2103 873 2182 acori,
929 2103 1119 2182 croci,
1173 2099 1344 2161 nardi
1393 2099 1695 2180 Syriacae,
1749 2102 2015 2161 masticis
2061 2100 2259 2181 Chiae,

217 2190 597 2269 singulorum
637 2191 914 2251 denarios
952 2207 1149 2270 senoS,
1185 2189 1540 2251 malobathri
1578 2189 1628 2250 X
1664 2189 1715 2270 I;
1765 2197 2045 2251 teruntur
2082 2208 2258 2269 quam

219 2279 679 2357 diligentissime
740 2297 1012 2340 seorsum
1068 2280 1264 2339 omnia
1320 2297 1388 2340 ac
1445 2279 1658 2340 deinde
1712 2280 1896 2340 mixta
1955 2281 2016 2340 in
2071 2297 2259 2341 unum

217 2377 619 2448 reponuntur.
686 2367 834 2429 Cum
883 2385 1034 2447 opus
1082 2376 1189 2448 est,
1236 2366 1455 2428 dantur
1501 2367 1640 2428 inde
1686 2367 1976 2429 coclearia
2015 2367 2259 2448 quibus-

219 2458 357 2518 dam
408 2457 544 2539 duo,
593 2456 950 2537 quibusdam
995 2458 1111 2517 tria
1159 2476 1231 2516 ex
1277 2475 1463 2535 aquae
1511 2457 1740 2536 cyathis
1786 2474 1890 2517 sex
1927 2456 2019 2517 vel
2060 2458 2259 2517 mixtis

138 2562 195 2604 25
222 2564 366 2607 cum
414 2548 538 2606 vini
584 2546 810 2626 cyathis
858 2544 1053 2606 tribus
1099 2544 1189 2605 vel
1228 2563 1301 2605 ex
1339 2544 1607 2623 quolibet
1642 2546 1754 2605 alio
1791 2545 2043 2626 liquore,
2079 2553 2261 2624 prout

221 2637 542 2696 conveniet
589 2633 912 2714 stomacho,
960 2634 1227 2695 eiusdem
1274 2651 1590 2695 mensurae
1638 2633 1894 2695 dabitur.

403 2724 639 2784 Pertice
686 2723 1014 2785 Cosmiana.
1111 2721 1238 2783 Hoc
1295 2722 1792 2784 medicamentum
1848 2723 1921 2784 ad
1969 2722 2260 2784 stomachi
2297 2736 2365 2785 33

221 2814 366 2873 vitia
415 2821 475 2873 et
523 2812 595 2872 ad
643 2814 977 2873 coctionem
1023 2812 1188 2872 valde
1238 2810 1385 2873 utile
1424 2820 1534 2891 est,
1580 2814 1795 2891 accipit
1831 2811 2006 2874 haec:
2052 2812 2256 2872 Petro·

222 2902 385 2963 silini
441 2900 493 2961 X
541 2900 669 2980 VII,
733 2901 859 2980 phu
917 2898 969 2959 X
1014 2899 1149 2980 IIII,
1203 2902 1431 2978 piperis
1486 2900 1604 2962 albi
1659 2898 1711 2959 Χ
1756 2899 1996 2982 XVIIII,
2060 2899 2257 2961 inulae

138 3007 193 3048 so
224 2990 276 3050 X
315 2989 380 3072 V,
428 3008 651 3050 nucum
696 2989 1063 3069 iuglandium
1112 2991 1503 3050 animatarum
1550 2988 1601 3049 X
1638 2989 1739 3070 VI,
1790 2983 2013 3051 nucum
2059 2991 2257 3068 pinea-

223 3097 361 3140 rum
407 3081 800 3140 animatarum
845 3077 897 3137 X
935 3077 1073 3158 XII,
1119 3081 1236 3139 ami
1284 3077 1336 3137 X
1373 3076 1520 3158 VIII,
1567 3079 1825 3157 ligustici
1874 3078 1926 3139 X
1962 3077 2089 3160 XII,
2134 3081 2260 3140 zin-

224 3167 448 3247 giberis
503 3165 555 3226 X
605 3166 758 3248 VIII,
814 3168 974 3228 carei
1030 3166 1081 3226 X
1129 3165 1263 3247 XII,
1331 3169 1450 3245 apii
1504 3169 1750 3229 seminis
1807 3167 1859 3228 X
1904 3167 2038 3250 XII,
2094 3170 2261 3229 anesi

226 3256 277 3316 X
306 3255 453 3338 VIII,
492 3255 851 3317 cardamomi
880 3254 932 3315 X
964 3254 1110 3337 VIII,
1149 3258 1313 3317 acori
1341 3255 1392 3316 X
1421 3255 1515 3338 VI,
1552 3257 1726 3318 dauci
1759 3259 2005 3319 seminis
2035 3255 2084 3316 X
2112 3255 2258 3336 VIII,

225 3345 455 3407 olisatri
500 3347 746 3406 seminis
794 3344 845 3404 X
887 3342 1010 3426 XII,
1057 3343 1302 3405 feniculi
1348 3347 1593 3406 seminis
1640 3346 1691 3406 X
1728 3345 1820 3407 VI.
1894 3345 2060 3407 Facit
2106 3343 2257 3405 bene

408 3486 436 3533 1
478 3478 687 3536 orinae.
811 3485 874 3534 13
913 3477 1082 3534 feces.
1205 3485 1271 3534 14
1310 3480 1637 3537 chameliae.
1756 3487 1826 3536 20
1863 3477 2257 3561 xyrobalsami.

225 3558 291 3606 21
333 3552 705 3607 denariorum.
815 3555 884 3604 25
921 3549 1054 3604 vino
1091 3550 1311 3607 ciathis.
1554 3550 1656 3634 hu]
1685 3552 1829 3622 pthi.
1941 3557 2010 3606 34
2039 3550 2259 3607 olisatri

224 3625 453 3693 scripsi:
490 3621 785 3691 olisandri3
827 3639 904 3677 an
939 3622 1285 3678 scribendum
1322 3558 1506 3678 coli2an
1726 3621 2023 3678 fenicoli.
