2575 4092
1105 270 1182 282 --
1280 234 1588 299 300-

331 402 491 482 vitia,
539 417 689 481 quae
737 418 808 461 ex
856 399 1078 477 frigore
1116 406 1218 459 aut
1253 396 1457 458 labore
1496 404 1599 457 aut
1633 396 1925 474 indigerie
1965 403 2160 477 erunt,
2199 397 2371 457 miri-

224 502 292 552 57
332 491 443 552 fice
483 488 735 550 sanabis,
796 487 1034 549 Lotium
1071 485 1398 549 humanum
1433 493 1607 547 vetus
1637 484 1865 546 adiecto
1895 482 2134 563 paululo
2166 504 2371 569 croco,

332 577 493 659 quod
540 577 783 638 odorem
830 579 961 638 eius
1009 575 1304 654 emendet,
1349 576 1648 653 ignoranti
1692 575 1865 651 potui
1909 573 2111 634 datum
2160 593 2369 655 quam-

331 669 419 728 vis
473 675 706 727 veteres
770 674 830 726 et
894 664 1147 725 latentes
1201 666 1543 724 interaneos
1598 661 1840 723 morbos
1904 670 1966 723 et
2019 666 2246 726 vomitu
2307 672 2371 726 et

331 755 767 817 deiectionibus
812 755 1128 815 concitatis
1173 754 1587 831 potentissime
1635 750 1883 812 sanabit.
2393 767 2424 809 ⁵

228 856 298 905 58
514 842 949 905 Laborantibus
995 850 1284 921 tenesmo,
1331 841 1391 900 id
1439 847 1533 901 est
1578 842 1684 920 qui
1728 839 1801 900 de
1838 839 2227 918 perfrictione
2266 840 2370 902 ad·

332 932 502 995 sidue
558 933 771 994 sedere
827 933 1077 1011 cupiunt
1134 938 1196 991 et
1245 929 1395 990 nihil
1441 928 1735 1008 deiciunt,
1789 928 1881 989 lac
1926 928 2218 990 bubulum
2265 930 2370 990 de-

226 1032 294 1082 59
333 1030 571 1084 coctum
600 1021 947 1100 frequenter
975 1025 1181 1100 potum
1210 1020 1463 1079 maxime
1492 1017 1754 1096 prodest.
1815 1015 2003 1078 Holus
2031 1017 2370 1080 discoctum

332 1128 471 1172 cum
526 1110 647 1171 sale
702 1107 1026 1188 plurimum
1083 1114 1387 1185 sumptum
1434 1107 1750 1167 adversum
1796 1114 2130 1167 tenesmum
2176 1108 2371 1189 iuvat3

332 1209 530 1260 ostrea
587 1215 827 1278 quoque
887 1214 960 1255 ex
1025 1194 1219 1255 mulso
1287 1203 1348 1255 et
1410 1198 1619 1275 pipere
1682 1203 1852 1256 cocta
1914 1195 2144 1256 utiliter
2207 1199 2366 1257 acci·
2393 1214 2452 1254 10
2555 1245 2558 1276 ἱ

225 1298 296 1348 6ο
332 1290 600 1366 piuntur.
672 1284 842 1345 Potio
881 1301 1124 1363 asperso
1161 1282 1421 1363 plurimo
1459 1287 1667 1363 pipere
1705 1283 1818 1344 sub
1856 1292 2095 1344 noctem
2130 1284 2369 1347 calidis-

333 1377 482 1437 sime
525 1382 760 1453 sumpta
798 1391 1030 1434 summo
1059 1372 1326 1433 remedio
1355 1372 1672 1434 adversum
1703 1378 2033 1433 tenesmum
2063 1391 2198 1434 esse
2226 1393 2371 1435 con-

227 1476 294 1526 61
335 1466 546 1526 suevit.
613 1463 906 1524 Senectus
954 1463 1164 1540 anguis
1211 1480 1348 1523 cum
1386 1460 1518 1522 oleo
1557 1479 1803 1522 rosaceo
1841 1460 2088 1522 decocta
2124 1464 2189 1522 in
2227 1482 2369 1524 vaso

333 1561 576 1633 stagneo
625 1560 803 1632 atque
850 1551 1015 1611 inlita
1062 1552 1284 1630 ventri,
1333 1552 1384 1611 si
1428 1557 1626 1611 tamen
1673 1548 1795 1610 illic
1840 1567 1960 1610 non
2008 1552 2089 1611 sit
2131 1550 2369 1613 exulce-
2445 1599 2454 1608 .

332 1645 504 1723 ratio,
549 1650 817 1703 tenesmo
864 1639 1128 1700 remedio
1177 1646 1287 1699 est.
2394 1655 2448 1696 15

224 1742 294 1792 62
510 1729 612 1791 Ius
656 1732 912 1809 piscium
957 1730 1323 1789 marinorum
1369 1729 1431 1787 in
1468 1728 1668 1805 patina
1706 1745 1843 1787 cum
1880 1725 2130 1789 lactucis
2166 1737 2366 1790 cocto-

227 1831 295 1880 63
333 1836 471 1879 rum
517 1818 747 1880 utiliter
793 1817 1108 1878 adversum
1155 1825 1491 1878 tenesmum
1539 1813 1834 1876 sorbetur.
1920 1817 2091 1896 Aqua
2135 1821 2368 1880 marina

334 1926 406 1967 ex
454 1907 570 1969 alto
617 1906 894 1968 hauritur
940 1914 1001 1967 et
1047 1913 1319 1966 servatur
1363 1907 1425 1965 in
1473 1911 1830 1965 vetustatem
1878 1923 1946 1966 ac
1983 1912 2192 1984 postea
2228 1926 2368 1969 cum

334 1997 472 2056 vino
530 2004 769 2058 austero
825 1994 1081 2075 bibitur;
1137 1993 1351 2054 deinde
1408 1992 1600 2053 rafani
1659 1994 2119 2074 manducantur,
2172 2005 2241 2056 ut
2287 1998 2368 2058 sit

228 2096 297 2146 64
335 2087 594 2146 vomitus
640 2084 887 2164 facilior,
936 2086 1039 2163 qui
1083 2084 1340 2143 tenesmi
1377 2100 1586 2143 causas
1623 2082 1903 2144 effundat.
1970 2081 2205 2144 Herbae
2244 2094 2367 2146 vet·
2393 2099 2451 2139 so

336 2175 565 2234 tonicae
623 2172 763 2233 folia
817 2174 882 2232 in
935 2171 1148 2232 umbra
1204 2171 1461 2231 arefacta
1518 2179 1579 2232 et
1631 2177 1810 2231 tunsa
1863 2170 2242 2251 cribrataque
2293 2174 2368 2235 ad

337 2260 667 2339 scripulum
733 2277 921 2320 unum
986 2278 1060 2319 ex
1123 2278 1312 2339 aquae
1375 2259 1596 2320 calidae
1655 2259 1884 2339 cyathis
1939 2260 2172 2321 duobus
2226 2271 2370 2341 pota

337 2351 560 2429 optime
605 2356 861 2428 prosunt
907 2348 1131 2428 absque
1177 2347 1300 2428 his,
1357 2347 1576 2426 quibus
1623 2366 1697 2408 ex
1743 2347 2036 2410 cruditate
2082 2351 2368 2412 intestina

229 2448 298 2498 65
338 2445 712 2518 torquentur.
769 2436 985 2518 Herba,
1025 2455 1175 2516 quae
1203 2455 1611 2516 pycnocomon
1642 2436 1881 2517 dicitur,
1917 2439 2058 2498 trita
2088 2456 2160 2498 ex
2189 2458 2366 2518 passo

334 2527 425 2587 vel
479 2526 674 2588 mulso
731 2525 824 2587 vel
880 2543 1135 2587 caroeno
1192 2534 1366 2603 epota
1423 2526 1843 2587 intestinorum
1905 2525 2169 2587 dolorem
2228 2546 2365 2607 pro·
2391 2542 2448 2584 2⁵

226 2626 294 2676 66
335 2617 496 2676 tinus
535 2616 719 2677 sedat.
781 2614 996 2676 Scillae
1034 2613 1198 2675 albae
1243 2646 1317 2656 —
1361 2613 1386 2674 1
1430 2620 1491 2675 et
1527 2632 1760 2694 myrrae
1799 2616 2091 2675 victoriati
2129 2616 2367 2694 pondus

334 2704 582 2765 adiectis
628 2704 811 2765 aridis
856 2705 986 2764 ficis
1034 2702 1269 2764 duobus
1316 2704 1378 2762 in
1416 2721 1602 2763 unum
1640 2702 1882 2781 subiges
1919 2710 1981 2764 et
2017 2704 2256 2766 ieiunus
2294 2725 2364 2766 ex

226 2804 294 2854 67
333 2795 469 2854 vino
499 2811 664 2854 mero
695 2810 923 2854 sumes:
955 2793 1232 2871 protinus
1262 2793 1489 2851 ventris
1517 2790 1722 2852 dolore
1752 2791 2128 2853 relevaberis.
2182 2793 2366 2855 Lauri

333 2884 529 2944 teneri
573 2880 712 2942 folia
757 2888 932 2942 tunsa
980 2888 1040 2942 et
1085 2882 1148 2941 in
1196 2887 1437 2941 austero
1483 2882 1620 2940 vino
1672 2881 1813 2941 trita
1860 2881 2129 2942 convulsi
2172 2883 2365 2944 utilis-

226 2982 293 3031 68
335 2972 482 3031 sime
520 2978 744 3049 potant.
810 2968 1058 3031 Stercus
1095 2971 1401 3031 verrinum
1435 2987 1545 3048 per
1574 2986 1637 3029 se
1669 2968 1982 3031 collectum
2012 2970 2364 3033 arefactum-
2390 2986 2445 3026 so
2553 2983 2554 2990 ¹

334 3075 450 3138 que
507 3066 567 3119 et
622 3076 759 3119 cum
815 3060 950 3119 vino
1007 3060 1177 3137 potui
1233 3057 1436 3118 datum
1482 3057 1895 3118 efficacissime
1941 3058 2260 3120 convulsos
2304 3069 2366 3121 et

330 3155 599 3208 reumata
645 3154 829 3208 sanat.

228 3383 234 3389 ⁵
510 3325 541 3373 2
578 3318 826 3387 panlolo.
984 3322 1049 3370 12
1086 3318 1359 3372 tenesmo.
1517 3322 1582 3371 18
1620 3316 1851 3371 auritur.
1997 3323 2067 3372 24
2101 3334 2363 3388 pycmon,

330 3390 565 3445 correxi.
658 3393 727 3443 25
766 3387 973 3443 carino.
1067 3393 1135 3442 26
1174 3387 1404 3459 Scillae]
1449 3388 1617 3444 Totus
1652 3388 1742 3442 hic
1770 3388 1919 3443 loeus
1954 3405 1991 3443 a
2028 3394 2058 3454 ξ
2089 3394 2157 3444 66
2194 3406 2362 3459 usque

331 3462 406 3516 ad
441 3476 561 3529 cap.
592 3459 852 3514 XXVIIII
887 3464 918 3524 ξ
947 3465 978 3513 6
1016 3461 1251 3528 exceptis
1285 3460 1463 3514 verbis
1499 3460 1574 3513 ad
1611 3457 1723 3513 coli
1758 3458 2104 3514 inflationem
2137 3490 2205 3501 -—
2236 3477 2361 3529 cya-

330 3531 443 3584 this
473 3532 755 3599 quattuor,
784 3546 923 3600 quae
947 3536 1078 3585 swnt
1103 3532 1168 3585 in
1194 3535 1225 3595 ξ
1242 3535 1277 3583 4
1306 3531 1542 3586 eiusdem
1569 3531 1823 3600 capituli,
1852 3532 2005 3601 apud
2027 3528 2364 3587 Gor-narium

331 3600 686 3655 desideratur.
832 3601 1053 3658 mirrae.
1180 3607 1268 3664 ,30
1305 3602 1591 3670 potantur.
1738 3607 1805 3656 32
1841 3603 2143 3659 thromata.
