2575 4092
1047 183 1525 249 -375—

263 346 336 406 ad
384 345 776 424 chiragricoS,
832 344 905 404 ad
952 344 1278 425 arthritim,
1334 346 1407 406 ad
1462 345 1549 406 ilii
1596 345 1886 429 dolorem,
1944 348 2017 408 ad
2069 350 2297 409 ventris

263 434 591 513 molestias,
648 431 718 493 ad
770 450 1092 494 nervorum
1138 436 1608 496 contractionem
1656 442 1717 495 et
1763 434 1833 496 ad
1883 453 2089 497 omnes
2135 436 2297 497 dolo·

263 541 390 602 reS,
447 524 553 602 qui
607 528 750 583 sunt
803 523 866 581 in
923 540 1203 603 corpore3
1268 524 1583 583 conficitur
1637 522 1763 585 XII.
1819 523 1945 586 Kal.
2001 524 2107 585 lul.
2173 544 2295 586 non

263 613 517 672 interest
563 629 680 689 quo
729 610 825 670 die
862 610 956 670 vel
992 610 1131 671 luna
1169 610 1262 671 vel
1299 612 1532 692 malina,
1569 611 1889 673 dummodo
1930 631 2111 692 supra
2149 616 2294 674 scri-

201 722 236 764 5
262 708 407 778 ptus
445 700 574 760 dies
609 697 980 781 observetur,
1019 717 1137 779 quo
1174 700 1548 760 medicamen
1576 701 1677 760 fiat
1715 702 1828 762 sic:
1868 700 1997 762 Olei
2025 700 2088 762 P.
2119 701 2296 781 XXV,

264 788 370 849 sed
427 789 664 868 optimi,
719 789 842 847 vini
899 789 1109 867 optimi
1154 786 1352 867 pondo
1401 786 1560 848 XXV
1604 819 1693 831 --
1741 797 2026 867 quantum
2070 790 2294 851 bonum

263 877 447 937 fuerit
493 878 723 955 vinum,
780 884 1011 937 tantum
1067 876 1283 937 melius
1331 878 1448 937 erit
1491 877 1991 939 medicamentum
2041 911 2118 922 —
2171 897 2291 939 ser-

262 964 405 1045 pylli
470 966 821 1044 campestris
880 964 1197 1025 fasciculos
1253 964 1307 1024 X
1364 973 1483 1026 tam
1538 965 1793 1044 grandes
1849 985 2025 1045 quam
2082 985 2294 1028 manus

262 1055 376 1113 viri
430 1055 702 1133 recipere
756 1061 981 1134 potest3
1037 1053 1141 1114 sed
1199 1071 1382 1132 supra
1438 1055 1659 1133 scripta
1713 1054 1809 1114 die
1867 1055 2062 1135 colligi
2116 1054 2295 1116 debet

172 1165 235 1205 ιο
263 1141 613 1222 serpyllum,
671 1149 738 1202 ut
795 1144 993 1203 statim
1050 1159 1263 1203 recens
1321 1161 1458 1202 cum
1510 1160 1691 1221 supra
1737 1143 1912 1204 dictis
1956 1143 2293 1223 liquoribus

262 1239 583 1311 coquatur,
636 1229 793 1309 quod
842 1237 1081 1310 oportet
1128 1240 1244 1292 tam
1294 1229 1397 1291 diu
1444 1233 1648 1311 coqui,
1696 1250 2008 1312 quousque
2055 1231 2127 1292 ad
2176 1231 2294 1293 olei

260 1337 604 1380 mensuram
661 1317 861 1398 liquor
917 1321 1109 1379 omnis
1165 1321 1388 1397 veniatr,
1445 1337 1581 1380 cum
1635 1319 2008 1402 refriguerit,
2062 1320 2293 1382 colatur

263 1407 578 1486 diligenter
638 1416 699 1468 et
757 1406 863 1468 ubi
916 1407 1173 1468 nitidum
1227 1407 1436 1488 fuerit,
1501 1407 1684 1468 addes
1744 1411 1977 1469 resinae
2032 1411 2290 1489 pityinae

260 1496 459 1576 pondo
506 1498 639 1578 tria,
685 1498 1044 1574 opopanacis
1078 1495 1291 1556 libram
1331 1498 1529 1576 semiS,
1575 1495 1809 1573 galbani
1844 1496 2053 1557 libram
2092 1499 2292 1577 semis,

175 1607 234 1649 15
263 1603 436 1645 cerae
474 1585 641 1645 rufae
670 1583 879 1645 libram
910 1585 1108 1666 semis,
1147 1586 1398 1645 storacis
1426 1583 1656 1664 libram,
1693 1584 2055 1664 opobalsami
2088 1619 2164 1629 —
2197 1585 2292 1647 VI.

261 1673 421 1734 Haec
469 1674 667 1733 omnia
713 1672 1043 1733 confundes
1090 1675 1154 1732 in
1199 1675 1317 1734 isto
1364 1672 1521 1753 oleo;
1577 1681 1870 1733 storacem
1918 1692 2056 1735 sane
2103 1692 2292 1754 pones

261 1764 326 1822 in
372 1761 581 1821 balneo
639 1768 700 1822 et
742 1761 827 1822 ibi
874 1760 1066 1821 solves
1113 1771 1291 1840 atque
1338 1763 1400 1822 in
1447 1763 1730 1822 mortario
1777 1770 1939 1822 teres
1984 1770 2044 1822 et
2089 1764 2291 1823 remit-

262 1858 354 1911 tes
412 1852 609 1911 omnia
662 1852 725 1909 in
777 1868 877 1910 vas
923 1867 1164 1910 aereum
1210 1849 1415 1930 ibique
1460 1868 1646 1928 pones
1695 1850 1767 1910 ad
1813 1850 2011 1911 focum
2059 1853 2291 1930 species

264 1957 445 2018 supra
485 1941 756 2019 scriptaS,
794 1956 945 2017 quae
983 1947 1102 1999 tam
1142 1938 1244 1999 diu
1282 1947 1634 2020 coquantur,
1673 1938 1956 2018 quamdiu
1985 1938 2291 2000 solvantur

177 2050 234 2090 20
262 2027 442 2109 bene3
498 2026 713 2088 deinde
769 2027 842 2087 de
899 2029 1096 2088 resina
1152 2026 1460 2107 pulverem
1511 2027 1691 2087 facies
1736 2035 1798 2088 et
1843 2046 2122 2106 asperges
2168 2046 2290 2089 me-

261 2117 565 2196 dicamini,
614 2115 753 2176 dum
802 2115 994 2176 adbuc
1042 2118 1349 2196 coquitur,
1399 2134 1516 2195 quo
1562 2116 1927 2195 malagmatis
1974 2116 2104 2177 loco
2152 2135 2289 2177 cum

262 2224 412 2284 opus
458 2205 641 2266 fuerit
685 2206 891 2265 uteris,

441 2292 721 2354 Cerotum
777 2293 848 2353 ad
904 2292 1235 2371 chiragram
1290 2302 1352 2354 et
1404 2294 1704 2374 parotidas
1760 2301 1820 2354 et
1876 2302 2145 2354 tumores
2201 2293 2286 2354 di-
2325 2310 2397 2360 50

175 2419 180 2422 -
262 2400 468 2443 versos
528 2390 589 2442 et
642 2380 871 2442 fistulas
934 2390 995 2442 et
1048 2381 1401 2442 furunculos
1467 2384 1684 2461 accipit
1746 2382 1919 2443 haec:
1996 2382 2287 2444 Cerussae

179 2492 235 2534 25
259 2470 327 2534 P.
365 2471 418 2552 l,
464 2471 815 2531 ammoniaci
860 2468 923 2530 P.
961 2469 1014 2549 l,
1062 2470 1179 2529 olei
1222 2468 1287 2530 P.
1327 2469 1379 2551 13
1435 2489 1677 2531 cerussa
1730 2470 1978 2532 terenda
2022 2473 2086 2531 in
2132 2488 2288 2531 mor-

263 2562 415 2621 tario
472 2559 951 2638 diligentissime,
1009 2557 1221 2618 deinde
1278 2557 1473 2619 oleum
1529 2558 1809 2638 paulatim
1869 2560 2290 2638 supermitten-

264 2649 432 2728 dum,
489 2657 549 2709 et
596 2666 732 2708 cum
780 2647 958 2707 simul
1002 2649 1142 2707 trita
1188 2647 1413 2707 fuerint
1458 2649 1672 2728 omnia,
1720 2647 2004 2707 mittenda
2050 2649 2113 2708 in
2160 2666 2288 2708 cac·

264 2737 479 2798 cabum
525 2736 619 2796 vel
664 2734 929 2816 trullam,
985 2743 1053 2796 ut
1098 2734 1393 2816 ferveant,
1448 2744 1508 2796 et
1553 2735 1695 2796 dum
1743 2743 2114 2814 coquuntur,
2161 2738 2289 2796 sine

262 2826 705 2886 intermissione
743 2823 1031 2902 agitanda.
1098 2823 1214 2884 Sed
1250 2842 1387 2884 cum
1425 2824 1675 2885 densum
1705 2841 1837 2884 esse
1867 2825 2132 2902 coeperit
2167 2842 2288 2883 me-

179 2936 235 2975 so
266 2915 537 2976 dicamen
581 2913 655 2974 ad
702 2914 963 2992 speciem
1010 2915 1216 2992 ceroti,
1262 2921 1393 2973 tum
1431 2913 1861 2973 ammoniacum
1903 2913 2113 2973 tritum
2157 2912 2287 2972 dili·

264 3010 475 3082 genter
514 3001 1050 3080 supermittendum
1089 3000 1516 3080 coquendaque
1554 3000 1729 3062 simul
1767 3002 1962 3061 omnia
1991 3000 2155 3062 horis
2183 3019 2288 3062 sex

264 3092 425 3153 lento
455 3093 610 3170 igne,
648 3108 723 3150 ne
754 3090 1098 3168 adurantur,
1134 3099 1194 3151 et
1223 3091 1351 3149 sine
1381 3092 1728 3170 cessatione,
1759 3089 1900 3150 dum
1929 3097 2286 3169 coquuntur,

265 3179 565 3260 agitanda3
606 3196 743 3239 cum
782 3176 1004 3238 videris
1041 3179 1238 3238 omnia
1280 3177 1433 3239 bene
1461 3180 1660 3259 mixta,
1697 3177 1954 3240 defunde
1983 3181 2045 3238 in
2074 3196 2288 3258 aquam

264 3268 539 3347 frigidam
570 3275 630 3328 et
659 3266 931 3328 manibus
960 3266 1169 3345 subige
1196 3266 1291 3327 vel
1317 3266 1573 3346 perfrica
1604 3277 1663 3329 et
1691 3270 1777 3328 sic
1806 3285 2028 3346 repone
2062 3275 2123 3327 et
2150 3285 2287 3327 cum

182 3376 236 3419 aa
265 3376 413 3419 usus
460 3358 742 3436 exegerit,
790 3355 981 3417 alutae
1019 3355 1202 3416 inline
1241 3364 1303 3416 et
1340 3358 1425 3417 sic
1464 3355 1692 3434 adpone
1729 3354 1876 3416 locis
1916 3357 2291 3417 necessariis.

446 3550 477 3598 9
517 3544 720 3615 collegi
760 3542 1077 3600 Carnarius.
1224 3548 1294 3597 20
1330 3542 1508 3597 facias
1545 3544 1702 3599 idem.
