2575 4092
1004 244 1490 348 ÷279—

223 426 300 469 ex
345 405 550 487 litore,
597 423 873 487 capreae,
916 405 1206 486 palumbi,
1253 414 1482 490 anates,
1528 408 1768 488 meruli,
1814 409 2009 491 turdi,
2056 428 2258 492 grues,

222 494 412 575 mulli,
459 492 770 576 lolligines,
815 493 1019 575 polypi
1063 497 1259 556 assati.

406 582 775 644 Torminosis
831 591 972 644 sunt
1017 591 1185 645 extra
1229 594 1432 646 cutem
1476 586 1814 664 inponenda
1857 586 2032 648 haec:
2096 586 2256 649 Lana

223 673 433 734 sucida
479 690 551 733 ex
599 679 766 733 aceto
811 670 904 731 vel
950 690 1193 735 rosaceo
1230 673 1323 734 vel
1358 674 1575 735 malino
1613 674 1744 735 oleo
1782 674 2060 756 admixto,
2102 677 2249 737 item

167 778 196 820 ⁶
223 762 528 842 plantago,
583 763 810 840 apium,
863 759 1238 843 milefolium,
1293 762 1574 844 intibum,
1629 762 1973 845 lentiscum3
2027 782 2137 843 per
2183 782 2250 825 se

223 852 367 911 trita
420 849 568 910 haec
624 847 717 909 vel
772 848 1029 910 admixto
1085 851 1222 910 vino
1277 858 1546 932 austero,
1601 869 1719 929 quo
1766 854 1953 929 magis
1998 852 2255 914 adstrin-

223 946 385 1020 gant,
429 938 830 1019 adponuntur,
874 944 1082 1017 postea
1119 947 1390 1000 cerotum
1429 957 1502 1000 ex
1539 938 1669 1000 0100
1706 941 1966 1020 myrtino
2003 939 2097 1001 vel
2132 959 2252 1002 ma-

224 1027 373 1107 lino,
417 1028 480 1088 id
526 1034 619 1087 est
662 1025 919 1088 habente
965 1029 1252 1088 corticem
1299 1026 1438 1089 mali
1481 1027 1721 1111 Punici,
1768 1028 2106 1111 adponitur,
2152 1030 2252 1090 cui

224 1124 287 1177 et
332 1114 480 1195 galla
528 1115 769 1195 Syriaca
815 1123 874 1176 et
921 1118 1114 1176 acacia
1160 1115 1580 1178 admiscentur.

141 1222 197 1261 ιο
403 1203 785 1266 Torminibus
804 1205 1015 1282 primis
1034 1204 1406 1284 temporibus
1425 1205 1903 1285 constringendis
1924 1208 2055 1266 suci
2076 1204 2253 1267 utiles

223 1300 392 1374 sunt,
436 1302 507 1353 ut
551 1291 932 1373 plantaginiS,
988 1295 1246 1373 acaciae,
1291 1293 1433 1355 mali
1478 1296 1708 1373 granati
1753 1296 2023 1375 corticis,
2068 1294 2252 1374 hypo·

221 1381 489 1461 cistidos,
533 1380 817 1461 milefolii,
863 1381 1075 1463 intubi,
1121 1380 1384 1462 lentisci,
1431 1382 1569 1444 rubi
1612 1400 1723 1462 per
1767 1401 1832 1443 se
1880 1389 2112 1444 tantum
2159 1382 2253 1444 vel

222 1487 363 1531 cum
416 1471 554 1529 vino
611 1487 685 1529 ex
742 1470 892 1547 piris
949 1468 1206 1549 Syriacis
1260 1471 1419 1531 facto
1474 1472 1670 1552 mixti3
1737 1470 1999 1531 medium
2053 1478 2252 1531 autem

222 1576 471 1619 cursum
513 1556 875 1618 habentibus
912 1560 1275 1639 torminosis,
1323 1558 1482 1638 quod
1518 1566 1758 1637 tempus
1795 1558 2006 1619 Graeci
2044 1575 2252 1620 acmen

142 1662 193 1704 15
219 1654 453 1727 vocant,
499 1645 800 1725 oportebit
835 1645 1150 1707 infundere
1189 1665 1299 1726 per
1334 1647 1652 1727 clysterem
1691 1664 1886 1706 rosam
1923 1645 2016 1706 vel
2053 1645 2252 1707 oleum

219 1743 519 1815 myrteum
557 1753 696 1795 cum
733 1752 1004 1816 cerussa3
1051 1734 1299 1796 cedente
1336 1753 1517 1814 porro
1554 1737 1783 1813 impetu
1819 1733 2126 1796 molestiae
2158 1735 2253 1796 vel

221 1823 618 1904 difficultatiS,
675 1822 833 1906 quod
891 1830 1126 1903 tempus
1182 1823 1397 1884 Graeci
1447 1841 1766 1903 paracmen
1820 1832 2059 1904 vocant,
2110 1842 2250 1884 con-

220 1914 389 1973 venit
432 1911 739 1993 lenticula,
785 1913 1017 1991 ptisana
1064 1930 1200 1972 cum
1247 1912 1419 1991 adipe
1466 1929 1729 1991 capruno
1776 1918 1973 1993 cocta3
2027 1914 2250 1973 invete-

220 2003 369 2062 ratis
415 2019 556 2061 vero
602 1999 962 2062 torminibus
1006 2008 1286 2080 prosunt,
1334 2018 1486 2080 quae
1533 1999 1945 2061 vehementius
1991 2002 2253 2079 spissant

141 2106 194 2146 πο
223 2097 285 2150 01
332 2108 365 2150 a
409 2096 625 2168 putore
673 2097 851 2168 atque
898 2087 1326 2149 abalienatione
1372 2091 1643 2168 corporis
1679 2088 1999 2169 vindicant,
2050 2095 2120 2149 ut
2164 2106 2250 2163 ea,

222 2196 375 2258 quae
433 2196 505 2238 ex
561 2177 746 2257 calce,
802 2176 1008 2238 charta
1057 2184 1189 2238 usta
1238 2185 1300 2238 et
1345 2179 1780 2257 auripigmento
1828 2184 2251 2256 conponuntur

222 2273 285 2327 et
329 2274 580 2346 possunt
626 2266 938 2326 inhaerere
983 2267 1252 2345 purgatis
1298 2265 1628 2347 ulceribus,
1675 2284 1795 2345 quo
1841 2273 2110 2346 tempore
2155 2284 2249 2327 re·

223 2355 340 2417 diri
386 2362 622 2435 oportet
666 2354 739 2415 ad
784 2356 986 2433 priora
1033 2356 1230 2415 omnia
1275 2355 1505 2416 edenda
1550 2362 1969 2434 praeterquam
2016 2354 2089 2415 ad
2125 2354 2249 2415 le‘n·

220 2455 347 2505 tem
391 2451 453 2505 et
498 2445 816 2524 ptisanam3
873 2442 1103 2503 ducunt
1146 2444 1309 2503 enim
1354 2445 1720 2524 cicatricem,
1775 2443 1881 2503 sed
1926 2444 2247 2521 praecipue

141 2546 194 2589 25
223 2550 466 2594 cerussa
521 2532 780 2592 admixto
835 2532 995 2611 vino;
1052 2530 1369 2610 emplastra
1413 2550 1582 2613 vero,
1638 2549 1789 2610 quae
1836 2538 2004 2592 extra
2050 2538 2251 2592 cutem

223 2623 566 2683 cicatricem
612 2619 857 2701 ducunt,
903 2620 1095 2680 soluta
1142 2619 1215 2679 ad
1262 2622 1461 2699 ignem
1508 2636 1647 2680 cum
1687 2618 1817 2680 oleo
1855 2620 2114 2698 myrtino
2152 2619 2251 2680 ad·

220 2709 496 2790 ponenda
543 2717 700 2770 sunt.

2294 599 2366 651 29

2291 1221 2363 1270 30

399 2798 806 2877 Dysintericos
854 2804 1087 2858 recreat
1130 2796 1333 2876 pulmo
1378 2796 1652 2877 pecudiS,
1697 2794 1757 2856 id
1805 2803 1898 2855 est
1947 2797 2096 2875 ovis,
2148 2794 2246 2855 de·
2285 2807 2354 2856 31

223 2895 457 2968 coctuS,
513 2904 650 2947 cum
704 2885 812 2947 lini
866 2887 1119 2966 semine,
1178 2886 1261 2945 ita
1317 2892 1385 2946 ut
1440 2892 1502 2945 et
1557 2902 1695 2946 caro
1745 2883 2140 2945 manducetur
2187 2890 2249 2943 et

140 2988 195 3030 ³0
222 2994 375 3056 aqua
419 2974 519 3036 iila
563 2982 824 3054 potetur.

402 3063 765 3124 Trochiscus
819 3062 1239 3141 Asclepiadeus
1293 3062 1841 3140 praestantissimus
1897 3061 1969 3122 ad
2025 3064 2249 3123 ventris
2287 3074 2356 3123 32

222 3153 452 3215 fluxum
489 3161 550 3213 et
585 3152 990 3231 dysinteriam,
1028 3168 1206 3229 quam
1242 3150 1443 3211 nullus
1480 3149 1630 3211 alius
1663 3157 1784 3211 tam
1811 3150 1983 3211 facile
2012 3153 2251 3230 stringit

223 3260 403 3321 quam
438 3240 557 3321 hic,
594 3240 909 3301 conficitur
946 3241 1060 3300 sic:
1105 3239 1239 3317 Apii
1270 3240 1515 3300 seminis
1554 3241 1874 3319 semuncia,
1909 3238 2251 3319 hyoscyami

221 3331 556 3410 semuncia,
611 3329 777 3389 anesi
824 3320 905 3414 ‘9‘
951 3325 1054 3408 Vl,
1109 3329 1229 3406 opii
1286 3320 1367 3413 ᾀ-
1414 3325 1520 3409 111,
1573 3328 1978 3407 hypocistidos
2024 3319 2105 3413 ‘9‘
2152 3324 2251 3408 III,

404 3469 437 3517 2
475 3461 713 3532 poplipi.
872 3469 938 3517 10
973 3461 1311 3517 torminibus
1347 3462 1547 3531 scripsi
1554 3483 1572 3515 .·
1608 3459 1880 3518 torminis.
2029 3467 2094 3515 13
2125 3467 2252 3529 post

222 3534 389 3589 mixti
426 3535 586 3589 add„-
623 3534 682 3587 et
709 3548 856 3601 aqua.
883 3534 1108 3588 incocta
1133 3533 1304 3588 mitto
1332 3533 1474 3586 rubo
1502 3530 1817 3587 lentiscum.
1895 3537 1962 3586 15
1993 3530 2248 3601 clystere.

223 3606 367 3660 oleo.
525 3609 592 3658 31
632 3604 1012 3674 asclepiarius.
1157 3610 1225 3658 32
1265 3600 1633 3656 disinteriam.
1780 3608 1850 3657 34
1883 3601 2249 3674 ypocistidos.
