2575 4092
885 257 1477 328 .—161—

216 419 315 479 sed
363 420 584 479 tacitus
630 437 902 480 somnum
952 422 1173 502 capiat3
1220 422 1341 482 cito
1388 419 1713 503 sanabitur,
1759 423 1812 482 si
1856 421 1972 483 hoc
2009 420 2103 483 vel
2139 425 2243 484 tri·

216 508 332 568 duo
377 508 607 568 fecerit.
698 506 1045 569 Milefolium
1090 510 1301 570 tritum
1349 527 1421 570 ex
1469 517 1637 571 aceto
1683 518 1889 590 potum
1935 512 2243 573 tussientI·
2280 525 2352 574 84

213 595 325 656 bus
362 605 541 676 atque
580 598 756 658 etiam
796 597 1101 658 stomacho
1135 600 1330 678 ruptis
1359 605 1420 659 et
1449 600 1796 678 sanguinem
1825 599 2243 661 excreantibus

215 684 487 766 prodest3
543 685 818 747 similiter
869 686 1118 765 prodest
1164 686 1639 766 quinquefolium
1685 688 1895 749 tritum
1941 698 2118 769 atque
2166 706 2244 749 ex

162 791 188 832 s
214 792 362 853 aqua
408 776 580 853 potui
624 774 844 835 datum.

390 861 668 942 Quinque
715 881 962 924 ovorum
1007 865 1383 925 incoctorum
1429 863 1619 926 vitelli
1671 883 1808 925 cum
1855 866 1978 926 vini
2022 868 2244 927 veteris
2280 879 2351 929 85

214 961 314 1012 aut
367 951 552 1012 mulsi
606 951 832 1032 cyathis
888 951 1083 1014 tribus
1138 955 1423 1033 permixti
1475 962 1537 1015 et
1586 952 1774 1014 calide
1821 971 1931 1033 per
1976 954 2245 1016 triduum

212 1037 339 1120 poti
384 1043 794 1102 excreationes
832 1049 1113 1103 cruentas
1152 1042 1486 1103 emendant.
1551 1040 1750 1103 Nuces
1786 1043 1996 1122 pineae
2035 1044 2244 1104 inanes
2280 1057 2351 1108 36

213 1137 496 1192 contusae
551 1131 617 1191 in
672 1129 846 1190 ollam
899 1132 1223 1192 mittuntur
1287 1138 1349 1192 et
1405 1139 1553 1212 quot
1607 1132 1832 1193 fuerint
1886 1149 2101 1213 nuces,
2155 1141 2245 1194 tot

133 1235 185 1275 ιο
212 1218 554 1298 hyoscyami
609 1220 818 1279 unciae
877 1227 938 1280 et
993 1237 1179 1298 aquae
1235 1222 1481 1281 sextarii
1540 1219 1908 1302 adiciuntur;
1962 1220 2110 1281 haec
2170 1221 2243 1282 ad

209 1307 433 1367 medias
481 1306 902 1386 decoquuntur
948 1317 1127 1387 atque
1172 1308 1313 1369 inde
1361 1309 1432 1369 ad
1471 1310 1657 1370 tussis
1695 1310 2028 1371 remedium
2065 1312 2244 1372 etiam

209 1396 466 1475 pthisico
523 1394 782 1457 bibenda
837 1398 1039 1457 ieiuno
1093 1397 1340 1458 cottidie
1386 1399 1578 1478 potio,
1634 1399 1813 1459 etiam
1859 1416 1933 1458 ex
1979 1400 2144 1479 vino,
2192 1400 2245 1459 si

211 1503 330 1545 non
376 1492 556 1546 erunt
601 1484 828 1565 febreS,
881 1483 1201 1555 salubriter
1247 1485 1503 1547 dabitur.
1597 1484 1663 1546 Si
1708 1486 1781 1546 de
1829 1488 1984 1547 tussi
2029 1495 2243 1547 stoma·
2282 1501 2350 1549 37

214 1573 392 1634 chum
439 1575 575 1652 quis
614 1581 718 1634 aut
752 1572 938 1634 latera
975 1573 1217 1656 dolebit,
1262 1573 1484 1634 herbae
1521 1576 1854 1635 vettonicae
1893 1574 2244 1637 fasciculum

131 1678 185 1718 ιε
214 1680 350 1723 cum
398 1665 523 1723 suis
570 1661 873 1723 radicibus
918 1664 982 1723 in
1030 1661 1142 1722 olla
1189 1681 1341 1723 nova
1387 1662 1679 1740 decoquat
1717 1679 1855 1723 cum
1893 1680 2080 1741 aquae
2116 1662 2245 1723 lixi-

146 1756 150 1759 “
209 1769 312 1812 vae
358 1748 423 1812 «8
471 1750 726 1831 duobus,
771 1751 962 1812 donec
1008 1751 1080 1812 ad
1128 1753 1337 1812 tertias
1384 1758 1831 1831 consumantur,
1882 1758 2059 1831 atque
2104 1751 2244 1813 inde

209 1840 520 1901 dimidium
570 1839 846 1920 cyathum
892 1840 1195 1919 frigidum,
1246 1857 1385 1901 cum
1431 1838 1636 1900 dolore
1683 1837 2017 1920 urgebitur,
2063 1839 2245 1901 bibat.

208 1926 606 2010 vettonicam,
662 1936 962 2011 nepetam,
1020 1928 1288 2007 puleium
1336 1926 1569 2007 aequali
1613 1945 1894 1988 mensura
1940 1946 2077 1990 cum
2124 1930 2247 1990 vini
2284 1943 2354 1993 38

209 2014 273 2077 *S*
329 2016 563 2078 duobus
619 2025 681 2077 et
737 2017 876 2078 salis
931 2016 1148 2098 pusillo
1206 2017 1280 2078 ad
1339 2016 1640 2078 heminam
1701 2016 2003 2097 decoques
2064 2025 2242 2096 atque

122 2121 179 2160 20
208 2106 346 2167 inde
403 2105 697 2167 laboranti
750 2107 905 2167 tussi
970 2115 1031 2167 et
1084 2105 1391 2168 doloribus
1456 2105 1749 2168 stomachi
1812 2105 2056 2186 cyathos
2123 2108 2242 2167 sin-

205 2194 378 2275 gulos
424 2196 654 2277 ieiuno,
697 2203 768 2255 ut
811 2213 921 2274 per
969 2194 1238 2256 cocleare
1283 2194 1569 2274 paulatim
1616 2194 1925 2276 infundas,
1978 2213 2089 2274 per
2135 2197 2241 2256 tri·

205 2284 395 2345 duum
441 2283 628 2347 dabis·
736 2293 741 2297 ’
783 2343 787 2346 ,
1404 2321 1411 2331 ·

387 2371 452 2433 Si
489 2391 669 2451 quem
704 2373 888 2433 tussis
926 2370 1317 2433 intolerabilis
1353 2379 1545 2453 vexat,
1580 2370 1655 2432 de
1693 2370 1820 2452 lupi
1848 2374 2044 2432 iecore
2074 2372 2241 2433 arido
2278 2387 2348 2435 39

201 2461 300 2522 vel
336 2470 546 2522 exusto
588 2471 872 2540 quantum
909 2461 1164 2522 voluerit
1199 2468 1472 2521 conterat
1500 2460 1835 2540 adiciatque
1864 2463 2085 2540 vinum,
2122 2459 2240 2520 mel

116 2565 175 2606 25
204 2558 267 2611 et
325 2567 539 2629 aquam
592 2550 853 2629 tepidam
909 2559 1086 2629 atque
1142 2549 1281 2610 inde
1338 2549 1409 2609 ad
1465 2548 1624 2624 diem
1676 2547 1951 2628 cyathum
1998 2550 2239 2610 ieiunus

201 2638 399 2718 bibat3
443 2641 602 2699 intra
645 2657 868 2718 paucos
916 2639 1044 2699 dies
1092 2639 1242 2698 mire
1290 2636 1613 2698 sanabitur.
1695 2636 1941 2698 Inventa
1987 2656 2129 2699 casu
2177 2639 2240 2699 in
2278 2649 2348 2698 40

201 2730 301 2788 via
344 2730 542 2806 portio
589 2728 662 2788 de
720 2727 920 2789 cribro
976 2729 1190 2805 impari
1244 2744 1496 2787 numero
1548 2726 1904 2788 foraminum
1951 2726 2101 2788 collo
2150 2729 2237 2788 in-

200 2815 387 2894 ligata
431 2818 585 2878 tussi
631 2825 693 2877 et
738 2818 997 2896 suspirio
1045 2815 1310 2876 remedio
1358 2823 1465 2875 est.

387 2904 477 2981 Ad
532 2913 760 2966 tussem
815 2907 1061 2966 nimiam
1108 2913 1170 2965 et
1216 2910 1477 2964 veterem
1526 2903 1860 2964 remedium
1906 2904 2020 2964 sic:
2094 2902 2245 2963 Mar·
2283 2915 2352 2963 41

113 3009 170 3050 so
201 2992 349 3055 rubi
404 2996 552 3054 sicci
596 2993 660 3054 P.
697 2993 780 3055 111
823 2996 888 3054 in
935 2993 1112 3054 ollam
1158 3009 1372 3053 novam
1417 2991 1661 3053 fictilem
1706 2993 1909 3053 mittes
1955 2998 2016 3052 et
2061 3010 2247 3071 aquae
2354 2995 2359 3000 ’

200 3083 485 3144 fontanae
540 3080 604 3143 *S*
640 3082 825 3143 XVIII
883 3090 944 3144 et
1001 3082 1303 3160 decoques
1358 3080 1432 3141 ad
1489 3081 1723 3162 tertias3
1785 3080 2000 3141 deinde
2055 3083 2247 3161 ipsam

201 3189 425 3250 aquam
482 3170 704 3232 colabis
761 3180 822 3232 et
877 3173 941 3231 in
1000 3170 1214 3231 rudem
1274 3168 1450 3230 ollam
1506 3168 1752 3231 alteram
1807 3171 2009 3231 mittes
2069 3178 2248 3251 atque

205 3260 398 3320 addes
442 3258 566 3320 illic
611 3258 803 3321 mellis
850 3261 1063 3340 optimi
1110 3256 1175 3320 ὃ*
1211 3259 1266 3339 1,
1322 3259 1547 3338 piperis
1602 3259 1731 3320 triti
1777 3260 2142 3319 semunciam
2189 3267 2250 3319 et

202 3350 436 3411 iterum
483 3349 555 3409 ad
602 3351 810 3426 tertias
857 3349 1188 3430 decoqueS‚
1247 3354 1315 3409 ut
1366 3349 1628 3427 spissum
1673 3347 1802 3427 fiat3
1857 3346 2070 3407 deinde
2118 3344 2248 3406 dili-

360 3561 389 3609 1
431 3555 648 3624 capeat.
760 3559 827 3607 10
863 3554 1196 3624 hyosciami.
1302 3559 1366 3611 11
1406 3553 1851 3621 dequoquuntur.
1958 3555 2023 3605 12
2053 3549 2250 3621 pisicO.

201 3632 282 3681 24
321 3623 664 3694 adiciasque.

319 3724 630 3765 unwanus
646 3754 658 3777 ,
685 3733 766 3765 nn.
792 3725 1107 3766 Hanunea.
1863 3715 1928 3763 11
