2575 4092
931 249 1516 340 ⁴-163—

253 407 414 469 Haec
462 411 669 470 iuncta
716 428 788 470 ex
834 411 1008 472 melle
1056 415 1278 492 optimo
1330 413 1690 494 temperabis
1746 424 1807 475 et
1862 435 1935 476 ex
1991 433 2062 476 eo
2116 418 2291 478 nucis

254 497 551 558 avellanae
610 500 1018 578 magnitudine
1072 519 1209 561 cum
1265 520 1417 582 aqua
1473 501 1660 563 calida
1715 522 1887 566 mane
1943 506 2145 566 ieiuno
2196 504 2290 566 vel

255 588 435 647 etiam
490 586 723 666 digesto
780 589 850 649 ad
907 607 1215 669 vesperam
1260 590 1448 652 dabis.
1539 589 1720 653 Valde
1765 591 1990 655 bonum
2035 601 2098 654 et
2144 592 2288 655 utile
2325 606 2396 656 54

253 676 329 750 ad
386 684 615 736 tussem
673 676 1054 756 qualemlibet
1107 678 1222 740 hoc
1276 680 1610 741 remedium
1667 689 1785 742 est:
1857 682 1992 762 Apii
2043 684 2287 744 seminis

193 782 221 824 5
253 757 337 851 ,9-
375 763 501 844 1111,
547 765 886 846 hyoscyami
925 759 1005 853 ᾃ-
1042 767 1116 848 II,
1162 767 1366 829 anethi
1404 760 1484 854 ᾃ-
1527 768 1653 849 1111,
1700 772 1821 849 opii
1860 763 1939 857 ,9-
1978 769 2049 851 11,
2093 770 2287 837 mellis

252 853 413 931 quod
461 853 534 914 ad
578 854 941 935 colligendas
978 864 1040 916 et
1076 856 1571 936 conglutinandas
1608 860 1840 938 species
1877 876 2059 939 supra
2095 859 2285 922 dictas

253 943 528 1022 sufficiat,
577 962 715 1005 cum
762 947 824 1006 in
869 945 1177 1025 pulverem
1214 946 1441 1008 fuerint
1479 946 1771 1009 redactae.
1836 946 2016 1008 Tussi
2052 956 2113 1009 et
2149 966 2282 1011 cru·
2321 960 2390 1011 55

250 1031 423 1092 ditati
459 1033 734 1094 medetur
769 1033 884 1094 hoc
920 1034 1318 1097 medicamen:
1365 1034 1530 1097 Costi
1561 1067 1643 1079 —
1673 1035 1774 1117 ΙΙΙ,
1812 1037 2072 1096 cinnami
2105 1068 2180 1080 —
2214 1037 2285 1119 11,

249 1121 477 1200 piperis
525 1113 605 1207 ,9-
644 1119 718 1202 V,
772 1123 916 1184 item
971 1124 1197 1203 piperis
1243 1122 1407 1203 longi
1453 1117 1535 1211 2-
1572 1122 1647 1205 V,
1701 1125 1822 1205 opii
1868 1116 1950 1210 2-
1988 1124 2069 1206 11,
2123 1127 2287 1188 croci

166 1227 223 1269 10
255 1243 341 1253 -—
380 1209 424 1289 1,
472 1210 663 1271 mellis
711 1212 870 1289 quod
918 1213 1061 1273 satis
1108 1213 1180 1273 ad
1227 1212 1376 1274 haec
1422 1215 1564 1274 trita
1610 1213 1993 1292 temperanda
2030 1223 2091 1275 et
2128 1220 2282 1276 cata-

247 1300 411 1377 potia
457 1299 742 1380 facienda,
792 1318 942 1379 quae
990 1319 1128 1362 cum
1173 1301 1338 1363 calda
1385 1320 1537 1382 aqua
1575 1309 1634 1363 et
1670 1320 1843 1363 mane
1881 1311 1942 1363 et
1978 1320 2130 1383 sera,
2177 1303 2282 1364 sed

248 1389 584 1451 interiectis
629 1387 861 1449 vicibus
898 1389 1030 1450 dari
1066 1397 1321 1471 oportet,
1369 1390 1528 1470 quod
1578 1391 1854 1452 similiter
1890 1399 1950 1453 et
1986 1391 2060 1465 de
2100 1409 2281 1471 supra

248 1479 474 1555 scripto
522 1477 913 1539 medicamine
961 1478 1094 1539 fieri
1136 1478 1330 1540 debet.
1410 1479 1661 1559 Aquam,
1704 1481 1768 1540 in
1814 1497 1933 1558 qua
1976 1486 2173 1541 rutam
2221 1488 2282 1541 et
2316 1490 2385 1540 56

246 1565 543 1645 hysopum
597 1574 658 1626 et
703 1583 899 1627 rosam
948 1568 1166 1628 siccam
1213 1567 1551 1648 decoxeris,
1607 1569 1742 1628 vino
1792 1569 2043 1629 inmisce
2091 1574 2152 1629 et
2197 1570 2281 1629 ita

164 1671 221 1712 15
247 1653 566 1715 bibendam
612 1655 815 1715 iciuno
863 1655 1010 1716 offer
1058 1657 1356 1731 tussienti,
1402 1657 1521 1717 cito
1570 1656 1903 1717 subvenies.
1988 1655 2055 1716 In
2102 1674 2278 1716 ovum
2316 1666 2384 1716 57

248 1743 468 1803 sorbile
525 1745 791 1804 masticis
846 1744 1151 1823 pulverem
1198 1747 1400 1806 mittes
1409 1791 1428 1824 ,
1488 1745 1593 1805 sed
1641 1762 1792 1824 opus
1840 1752 1963 1823 est,
2019 1750 2088 1805 ut
2143 1762 2278 1804 mox

247 1834 609 1910 coagitatum
664 1834 864 1893 statim
923 1832 1194 1913 sorbeas,
1249 1852 1327 1894 ne
1383 1832 1664 1895 dilatione
1719 1833 1823 1893 fiat
1869 1842 2102 1913 crusta3
2159 1851 2276 1912 quo

246 1921 534 1982 exhausto
581 1920 754 1982 facile
800 1930 1027 1983 tussem
1075 1921 1328 2004 sedabis,
1377 1924 1430 1983 si
1474 1922 1534 1982 id
1582 1922 1820 2002 saepius
1865 1921 2098 1982 feceris,

425 2009 618 2071 Fabae
657 2026 841 2088 grana
879 2012 1308 2090 quinquaginta
1346 2018 1502 2072 tosta
1542 2012 1604 2071 in
1643 2010 1838 2089 furno,
1875 2011 2103 2089 piperis
2140 2012 2274 2070 toti·
2313 2021 2381 2070 58

159 2115 217 2155 πο
245 2099 382 2159 dem
442 2099 659 2159 tundes
716 2107 775 2160 et
829 2097 1122 2160 cribrabis
1180 2107 1240 2160 et
1298 2099 1463 2178 pulei
1526 2098 1875 2160 tantundem
1940 2115 2275 2179 mensurae,

245 2195 536 2266 quantum
590 2186 758 2248 fabae
815 2196 933 2269 est,
990 2190 1053 2248 in
1110 2187 1416 2266 pulverem
1470 2188 1707 2266 rediges
1762 2205 1830 2248 ac
1877 2186 2055 2249 simul
2100 2185 2274 2249 melle

242 2294 607 2355 consparges
655 2284 716 2336 et
762 2294 985 2356 coques
1023 2276 1092 2339 'in
1140 2276 1253 2338 olla
1300 2278 1439 2338 rudi
1479 2285 1657 2356 atque
1696 2275 1963 2357 agitabis,
2001 2294 2077 2336 ne
2116 2295 2273 2338 com·

241 2365 522 2446 buratur3
569 2373 773 2445 postea
821 2365 894 2426 de
940 2365 1234 2444 tepefacto
1281 2366 1671 2427 medicamine
1721 2383 1831 2445 per
1877 2373 2107 2445 septem
2144 2365 2273 2427 dies

243 2452 476 2533 singula
535 2453 812 2517 cocliaria
868 2455 991 2515 sive
1048 2472 1220 2516 mane
1278 2457 1402 2517 sive
1459 2472 1592 2515 sera
1645 2455 1802 2516 tussi
1864 2452 2273 2515 laborantibus

154 2557 210 2599 25
239 2541 437 2624 dabis3
484 2544 604 2604 cito
652 2542 983 2603 subvenies,
1048 2542 1247 2604 Herba
1293 2550 1610 2604 centaurea
1647 2544 1788 2604 trita
1825 2560 1898 2603 ex
1934 2544 2073 2602 vino
2111 2540 2271 2602 dulci
2309 2551 2376 2601 59

240 2630 496 2712 bibitur3
551 2633 700 2691 mire
749 2632 992 2711 prodest
1038 2634 1217 2692 etiam
1262 2632 1383 2712 his,
1442 2633 1559 2711 qui*
1592 2630 2117 2710 sanguinulentum
2165 2639 2267 2691 aut

236 2720 628 2799 purulentum
674 2723 1028 2800 extussiunt,
1075 2739 1227 2800 quos
1274 2720 1563 2800 pthisicos
1610 2721 1835 2782 dicunt.
1908 2718 2092 2780 Uvam
2136 2738 2267 2799 pas·
2308 2730 2378 2781 60

237 2828 365 2871 sam
412 2808 756 2870 enucleabis
802 2809 875 2870 ad
921 2810 1205 2889 ponderis
1250 2809 1437 2885 librae
1484 2816 1818 2872 sextantem
1854 2818 1916 2873 et
1952 2807 2271 2887 diligenter

235 2906 417 2978 tereS,
463 2898 686 2959 adicies
732 2900 971 2979 senapis
1017 2900 1239 2977 optime
1287 2900 1605 2978 separatim
1647 2899 1777 2960 triti
1811 2895 1999 2957 librae
2037 2903 2269 2957 sextan-

151 3004 209 3044 ao
235 2995 360 3049 tem
415 3005 486 3048 ac
541 2987 753 3048 deinde
809 2988 1040 3049 adiecto
1097 2998 1265 3049 aceto
1324 2987 1536 3049 scillite
1596 3005 1734 3049 cum
1788 2983 1981 3046 mellis
2034 2985 2269 3048 modico

233 3085 398 3138 teres
456 3084 516 3138 et
569 3075 850 3137 miscebis
859 3125 876 3158 ,
940 3078 1023 3137 ita
1078 3085 1147 3138 ut
1202 3095 1332 3138 eam
1388 3075 1837 3158 spissitudinem
1892 3073 2137 3157 haheat,
2201 3081 2272 3141 ut

235 3165 525 3247 pastilluli
570 3166 702 3226 fleri
747 3167 998 3247 possint,
1045 3184 1167 3228 non
1204 3175 1403 3227 tamen
1439 3165 1722 3246 grandes3
1766 3164 1905 3227 inde
1943 3166 2048 3243 qui
2084 3164 2271 3244 pthisi

236 3262 298 3316 et
344 3255 575 3316 diutina
622 3257 776 3315 tussi
820 3254 1074 3335 laborat,
1124 3253 1391 3333 singulos
1437 3272 1574 3315 cum
1622 3253 1787 3315 calda
1833 3270 1983 3331 aqua
2030 3254 2267 3313 ieiunus

234 3362 409 3404 mane
467 3351 528 3403 et
582 3343 855 3404 similiter
910 3343 1232 3404 dormitum
1286 3343 1507 3405 vadens
1561 3343 1633 3404 ad
1696 3359 2008 3422 vesperam
2055 3345 2268 3401 sumat.

377 3557 410 3604 6
460 3549 965 3605 concluttinandas.
1134 3555 1199 3604 17
1239 3536 1650 3620 quoagitatum.
1813 3546 1965 3615 quod
2015 3546 2266 3600 exausta

233 3628 303 3676 27
341 3621 660 3691 purulento.
805 3620 1028 3691 tphicos
1069 3621 1209 3692 (sic).
1358 3626 1427 3675 30
1466 3619 1689 3675 scillite.
1837 3623 1906 3673 32
1943 3616 2137 3687 tphisi.

1839 3707 1947 3760 11*
