2575 4092
1141 225 1616 290 —356—

254 398 324 448 82
539 387 626 447 Ad
677 389 904 448 varices
950 384 1236 465 fugandas
1282 386 1614 448 remedium
1660 389 1773 449 sic:
1818 385 2089 448 Hederae
2128 387 2406 448 radicem

360 476 566 555 tolles,
611 494 748 537 cum
794 476 976 537 fuerit
1020 475 1160 537 luna
1206 477 1270 536 in
1317 477 1586 555 aquario,
1633 484 1694 536 et
1739 474 2043 537 circumda
2091 494 2222 555 eas,
2276 478 2400 537 cito

252 574 319 624 83
359 563 693 626 medebere.
775 563 1043 625 Hederae
1090 563 1266 625 bacas
1313 571 1464 644 treS,
1524 582 1674 643 quae
1720 582 1829 642 per
1874 566 2166 643 parietem
2211 567 2399 644 repit,

358 652 523 733 pedi,
576 655 637 713 in
696 672 813 732 quo
870 661 1013 714 sunt
1056 654 1312 732 variceS,
1369 653 1602 731 alligato
1650 653 1743 713 vel
1787 652 2049 714 radicem
2095 655 2229 713 eius
2280 655 2401 714 cir-

251 751 322 801 84
359 741 654 803 cumdato.
723 741 886 821 Rapa
922 759 995 802 ex
1032 759 1183 820 aqua
1220 740 1373 802 salsa
1410 739 1710 820 decoques
1746 750 1809 802 et
1846 759 2216 822 superpones
2257 760 2399 820 per·
2424 761 2449 799 ε

358 829 639 891 nionibus
696 832 813 891 iam
870 829 1351 910 erumpentibus,
1409 828 1717 890 medellam
1777 829 1981 892 utilem
2039 833 2396 909 experieris,

250 927 319 977 85
359 919 603 998 Spinam
660 937 733 980 ex
787 917 939 997 pede
985 918 1078 979 vel
1124 936 1499 998 quacumque
1548 920 1817 999 corporis
1867 927 2063 998 parte,
2108 921 2163 979 si
2206 919 2397 980 altius

356 1005 562 1069 adacta
617 1008 825 1087 fuerit,
882 1009 1011 1068 sine
1068 1006 1269 1067 dolore
1328 1006 1604 1068 extrahes
1613 1053 1632 1087 ,
1690 1025 1827 1067 cum
1874 1007 2184 1068 arundinis
2231 1007 2395 1068 radi·

355 1114 487 1157 cem
543 1094 891 1175 adposueris
946 1097 1007 1154 in
1063 1098 1346 1156 mortario
1402 1094 1631 1175 lapideo
1690 1102 2001 1157 contusam
2045 1104 2105 1157 et
2151 1095 2394 1157 adiecto

354 1184 528 1246 melle
576 1183 907 1262 subactam,
960 1181 1150 1244 donec
1196 1183 1269 1244 ad
1319 1184 1776 1245 crassitudinem
1822 1186 2011 1245 ceroti
2055 1183 2390 1266 redigatur,
2420 1204 2475 1243 10

354 1281 416 1333 et
459 1272 642 1333 linteo
691 1273 885 1350 spisso
931 1270 1099 1332 inlita
1145 1273 1496 1353 adponatur,
1542 1275 1605 1333 in
1652 1291 1772 1352 quo
1819 1273 2165 1352 frequenter
2210 1275 2392 1353 spina

355 1362 483 1440 ipsa
528 1361 718 1421 eiecta
762 1361 1082 1421 invenitur.

247 1457 316 1507 86
532 1447 900 1510 Marrubium
947 1450 1272 1510 contritum
1320 1449 1580 1510 admixto
1624 1449 1743 1510 sale
1782 1450 2016 1511 modico
2054 1451 2389 1527 inpositum

353 1555 541 1618 aeque
595 1537 889 1615 proficere
945 1544 1177 1599 constat
1230 1536 1305 1597 ad
1364 1538 1723 1599 extrahenda
1779 1556 1874 1618 ea,
1929 1556 2079 1617 quae
2140 1540 2390 1616 corpori

245 1634 312 1684 87
351 1626 735 1687 inhaeserint.
796 1624 1054 1686 Herbam
1092 1627 1347 1686 urticam
1385 1628 1508 1687 sive
1546 1606 1793 1688 viridem
1832 1629 1957 1687 sive
1993 1628 2213 1687 siccam
2243 1645 2473 1687 con-15

351 1718 555 1775 tritam
615 1714 845 1775 adiecto
902 1713 1168 1793 quolibet
1225 1714 1470 1792 coagulo
1527 1714 1814 1796 adponeS,
1879 1714 2123 1776 cuilibet
2178 1715 2387 1776 inhae-

244 1810 313 1860 88
352 1805 525 1884 serit3
582 1803 896 1863 confestim
952 1802 1264 1863 miraberis
1321 1801 1687 1864 celeritatem
1742 1803 2043 1865 medellae.
2130 1802 2385 1865 Stercus

352 1909 687 1971 aprugnum
735 1909 807 1951 ex
853 1893 988 1951 vino
1036 1890 1351 1952 subactum
1393 1898 1454 1952 et
1491 1891 1797 1971 emplastri
1830 1911 1997 1953 more
2034 1894 2384 1973 inpositum,

354 1979 637 2060 quicquid
686 1979 1010 2042 inhaeserit
1055 1981 1312 2059 corpori,
1360 1980 1634 2041 celeriter
1681 1981 1939 2042 extrahit
1984 1989 2045 2042 et
2090 1988 2277 2041 sanat.

243 2076 312 2126 89
529 2068 754 2148 Butyro
802 2077 861 2129 et
907 2067 1163 2129 medulla
1211 2070 1447 2129 cervina
1495 2078 1555 2129 et
1601 2068 1736 2130 felle
1781 2072 2016 2131 taurino
2064 2087 2204 2129 cum
2247 2069 2381 2130 oleo
2412 2087 2468 2127 so

243 2165 314 2215 90
353 2159 599 2235 cyprino
637 2165 742 2217 aut
777 2156 1008 2217 laurino
1045 2158 1329 2234 perfricta
1367 2174 1558 2235 genua
1597 2165 1896 2219 sanantur.
1968 2156 2248 2218 Talorum
2289 2165 2381 2219 tu·

352 2243 622 2305 moribus
669 2251 730 2304 et
774 2243 1079 2304 doloribus
1124 2244 1436 2306 musculus
1484 2247 1747 2308 marinus
1783 2249 1964 2308 tritus
2002 2264 2075 2307 ex
2112 2245 2244 2307 oleo
2282 2265 2379 2307 ve-

350 2342 480 2392 tere
527 2334 823 2410 inpositus
869 2331 1162 2393 medetur.

243 2429 311 2479 91
528 2419 884 2481 Malandriae
942 2427 1001 2481 et
1046 2421 1267 2499 frigore
1315 2422 1543 2483 adustis
1588 2422 1841 2500 pedibus
1886 2421 2133 2501 prodest
2178 2425 2377 2485 cuius-

350 2508 496 2569 libet
540 2509 787 2589 pecudis
834 2527 1038 2570 sevum
1087 2527 1223 2571 cum
1271 2509 1530 2572 alumine
1576 2513 1784 2572 tritum
1831 2511 1923 2572 vel
1964 2518 2281 2573 excoctum
2321 2520 2379 2573 et
2407 2529 2461 2572 2⁶

351 2599 541 2658 ceroti
589 2596 762 2657 modo
808 2599 1150 2677 inpositum.

243 2693 312 2744 92
527 2686 751 2748 Attritu
799 2686 1323 2748 calciamentorum
1369 2687 1555 2748 factos
1602 2686 1798 2748 clavos
1843 2687 2120 2750 emendat
2156 2690 2376 2750 veteris

350 2774 545 2837 soleae
592 2783 833 2836 exustae
882 2777 1032 2836 cinis
1078 2792 1215 2836 cum
1262 2774 1393 2836 oleo
1440 2777 1752 2855 inpositus.

242 2871 311 2921 93
526 2863 840 2926 Ulceribus
903 2862 1178 2924 omnibus
1243 2863 1462 2942 pedum
1529 2866 1591 2924 in
1651 2864 1916 2944 qualibet
1968 2873 2139 2945 parte
2194 2865 2374 2946 adeps

352 2954 554 3013 ursina
602 2952 801 3013 addito
848 2951 1106 3013 alumine
1151 2952 1444 3014 medetur.
2395 2972 2456 3014 so

243 3048 314 3097 94
531 3039 619 3121 Ei,
667 3043 771 3119 qui
809 3043 1031 3120 patitur
1075 3042 1320 3120 variceS,
1359 3042 1481 3101 sevi
1518 3040 1735 3102 hircini
1773 3040 2050 3102 selibram
2090 3051 2150 3103 et
2185 3043 2373 3123 adipis

351 3129 425 3189 de
480 3146 704 3207 capone
759 3127 969 3190 libram
1026 3128 1204 3190 simul
1259 3131 1554 3208 permisce
1610 3136 1670 3190 et
1724 3132 1788 3190 in
1841 3128 2024 3191 linteo
2080 3130 2175 3192 die
2222 3130 2372 3193 lovis

351 3219 542 3279 ceroti
586 3235 752 3277 more
799 3217 1046 3298 adpone,
1090 3224 1369 3296 potenter
1416 3216 1748 3279 subvenies.

244 3313 312 3363 95
530 3304 775 3366 Stercus
821 3323 1116 3383 aprunum
1164 3313 1408 3366 tunsum
1446 3305 1889 3385 cribratumque
1926 3314 1987 3367 et
2025 3326 2162 3369 cum
2200 3308 2370 3369 melle

352 3394 648 3455 deteriore
686 3401 923 3455 coctum
961 3402 1021 3454 et
1060 3393 1371 3455 subactum
1411 3394 1677 3455 articulis
1717 3396 2041 3475 inpositum
2078 3397 2368 3483 medetur.
2396 3414 2452 3455 ss

531 3586 561 3633 7
600 3581 847 3649 corporis
885 3582 1043 3650 parte
1082 3581 1153 3652 si]
1192 3581 1310 3637 Hic
1345 3583 1549 3638 codicis
1582 3585 1730 3651 finis.
