2575 4092
1109 203 1585 267 —162—

329 376 539 446 genter
594 370 658 428 in
704 384 844 427 vaso
891 368 1080 428 vitreo
1130 384 1385 446 repones
1433 374 1611 445 atque
1660 383 1731 425 ex
1778 382 1849 425 eo
1899 365 2138 425 ieiunus
2185 371 2360 423 terna

331 456 641 517 coclearia·
676 456 920 517 cottidie
978 473 1206 536 sumes3
1263 473 1450 534 aeque
1507 454 1752 533 prodest
1806 452 2097 514 marrubii
2148 452 2361 512 viridis

331 563 512 607 sucus
571 563 706 606 cum
773 543 966 605 mellis
1023 545 1358 623 despumati
1415 547 1546 622 pari
1605 560 1887 603 mensura
1950 542 2236 602 decoctus
2300 550 2364 601 et

331 635 600 695 cocleare
648 633 823 713 pleno
871 651 1042 694 mane
1091 642 1365 713 sumptus
1413 642 1474 693 et
1520 650 1781 711 vespere.

220 736 290 784 42
507 722 704 782 Herba
760 724 1084 801 argimonia
1141 724 1396 783 contrita
1453 729 1513 781 et
1577 740 1648 780 ex
1715 722 1850 781 vino
1917 728 2117 781 vetere
2174 718 2363 779 diluta
2390 735 2417 776 5

328 814 498 892 potui
545 812 681 872 data
726 814 902 872 unice
948 811 1345 872 tussientibus
1390 810 1654 891 prodest,
1698 817 1917 889 tamen,
1962 816 2029 870 ut
2075 808 2217 889 dixi,
2259 809 2366 885 qui

221 914 289 961 43
329 901 748 961 remediandus
790 908 889 976 ⁸est
933 901 1172 961 ieiunus
1219 901 1486 978 accipiat.
1569 898 1749 959 Betae
1795 897 1968 961 radix
2005 898 2214 975 pipere
2263 897 2365 956 ad-

329 992 483 1051 iecto
532 991 885 1069 conteritur,
931 1007 1003 1049 ex
1051 1007 1123 1048 eo
1168 988 1240 1049 ad
1288 990 1515 1067 piperis
1561 986 2027 1066 magnitudinem
2066 986 2367 1063 catapotia

233 1093 239 1099 ·
329 1079 497 1159 fiunt,
533 1078 671 1138 inde
700 1077 840 1137 bina
875 1078 1077 1138 ieiuno
1117 1078 1252 1138 data
1290 1077 1668 1158 devorantur,
1706 1077 1896 1136 donec
1928 1075 2113 1135 tussis
2150 1075 2367 1134 vitium
2545 1146 2546 1149 Ἴ

221 1180 293 1227 44
331 1173 736 1228 consenescat.
819 1164 1013 1226 Fabae
1070 1164 1292 1226 solidae
1343 1184 1593 1244 granum
1640 1165 1906 1225 infusum
1952 1165 2014 1223 in
2061 1181 2215 1242 aqua
2261 1163 2364 1224 ad·
2394 1180 2445 1219 10
2545 1152 2546 1213 ἶ

332 1273 522 1334 eoque
578 1254 877 1333 inflatum,
934 1263 1003 1315 ut
1057 1254 1191 1334 plus
1246 1257 1474 1315 umoris
1530 1260 1787 1333 nequeat
1835 1253 2104 1332 haurire,
2160 1250 2366 1312 subito
2545 1250 2546 1257 ’

224 1357 292 1405 45
333 1344 681 1404 devoratum
737 1352 965 1404 tussem
1025 1344 1175 1403 mire
1234 1343 1404 1405 tollit.
1496 1342 1735 1404 Lotium
1799 1342 2123 1402 humanum
2188 1349 2367 1402 vetus

322 1433 562 1493 adiecto
611 1450 807 1512 croc0,
856 1440 922 1493 ut
968 1432 1115 1492 odor
1162 1434 1292 1493 eius
1339 1431 1664 1512 occulatur,
1713 1431 2068 1491 exhaustum
2126 1437 2367 1490 veteres

225 1536 293 1585 46
332 1530 531 1583 tusses
577 1529 638 1581 et
684 1539 814 1602 eOS,
871 1523 975 1599 qui
1031 1539 1232 1581 crassa
1277 1523 1492 1600 pituita
1540 1527 1853 1600 vexantur,
1910 1518 2202 1580 emendat.
2300 1517 2368 1578 Si

331 1613 431 1671 cui
475 1610 656 1671 saliva
701 1609 976 1670 resiliens
1022 1618 1252 1671 tussem
1300 1611 1574 1691 moverit,
1631 1608 1844 1687 aliquis
1892 1610 1949 1667 ei
1992 1610 2055 1668 in
2102 1607 2368 1667 frontem
2394 1623 2445 1664 15

223 1713 292 1771 47
333 1698 550 1780 sufflet,
588 1701 787 1760 statim
824 1699 1061 1760 desinit.
1117 1698 1205 1758 Ex
1245 1717 1354 1758 ovo
1394 1699 1544 1759 duro
1582 1698 1836 1759 interius
1876 1696 2035 1776 quod
2064 1703 2157 1756 est
2183 1714 2363 1776 passo

330 1789 604 1849 intritum
661 1788 910 1850 adiectis
966 1806 1152 1867 aquae
1208 1786 1433 1848 calidae
1489 1786 1716 1866 cyathis
1771 1784 2006 1847 duobus
2063 1787 2141 1865 si,
2199 1792 2361 1846 ante·

332 1894 508 1955 quam
555 1876 826 1938 cubitum
871 1895 998 1957 eaS,
1053 1876 1305 1956 biberis,
1366 1877 1721 1955 quietiorem
1778 1893 1810 1935 a
1865 1876 2020 1934 tussi
2074 1874 2363 1934 maiorem

327 1973 558 2045 partem
617 1968 812 2027 noctis
865 1965 1114 2026 habebis
1170 1973 1231 2025 et
1286 1967 1418 2026 eius
1473 1966 1732 2043 potionis
1784 1963 2138 2024 adsiduitate
2196 1980 2361 2022 sana-

223 2067 293 2115 48
331 2053 491 2114 bere.
557 2052 715 2114 Faba
754 2055 909 2114 fresa
947 2053 1361 2134 tussientibus,
1399 2056 1462 2114 in
1502 2072 1616 2133 qua
1655 2053 1847 2113 aleum
1886 2060 2123 2113 coctum
2162 2051 2363 2132 fuerit,
2392 2068 2445 2108 so

329 2143 581 2202 maxime
639 2142 889 2220 prodest
942 2141 1035 2201 vel
1091 2160 1161 2201 ex
1218 2141 1391 2202 melle
1448 2144 1509 2202 in
1567 2141 1699 2202 cibo
1757 2149 1992 2221 sumpta
2038 2141 2365 2201 efficaciter

330 2230 663 2290 remedium
710 2237 989 2310 praestat,
1036 2230 1142 2290 sed
1189 2239 1249 2290 et
1285 2231 1638 2308 purulentas
1677 2231 2083 2291 excreationes
2122 2229 2366 2290 cohibet

225 2332 294 2380 49
335 2326 396 2383 et
442 2327 625 2379 sanat.
709 2317 889 2379 Ficus
936 2320 1130 2379 siccae
1181 2330 1306 2379 tres
1354 2337 1491 2380 cum
1536 2320 1748 2399 hysopi
1793 2319 2027 2380 modico
2074 2327 2133 2379 et
2178 2336 2363 2397 parvo

330 2416 500 2469 rutae
538 2407 823 2468 fasciculo
873 2416 934 2467 et
972 2410 1273 2487 quartario
1313 2409 1686 2487 faenograeci
1720 2409 1959 2487 purgati
1998 2426 2134 2468 cum
2172 2425 2363 2486 aquae

331 2497 553 2558 nitidae
614 2498 870 2557 sextario
929 2514 1228 2576 propenso
1290 2499 1350 2557 in
1413 2496 1525 2557 olla
1585 2497 1722 2558 rudi
1777 2497 1850 2557 ad
1906 2496 2129 2556 medias
2187 2496 2359 2557 deco·
2389 2512 2442 2554 25

333 2594 600 2664 quuntur
647 2594 707 2646 et
752 2585 1041 2666 colantur,
1087 2586 1226 2646 inde
1274 2595 1401 2646 tres
1435 2588 1710 2664 potiones
1751 2604 1861 2665 per
1899 2585 2165 2646 triduum
2203 2587 2361 2647 tussi

221 2684 290 2734 50
328 2676 511 2734 nimia
556 2672 964 2748 laborantibus
1010 2675 1253 2755 dantur3
1300 2677 1520 2735 mirum
1565 2675 1897 2735 remedium
1944 2682 2052 2735 est.
2138 2673 2361 2735 Sevum

329 2764 528 2824 ovium
576 2763 890 2824 decoctum
947 2772 1006 2824 et
1053 2781 1189 2824 cum
1237 2765 1372 2824 vino
1419 2772 1658 2825 austero
1706 2763 1990 2843 depotum
2035 2765 2192 2824 tussi
2238 2781 2360 2824 me-

219 2863 284 2911 51
327 2852 519 2912 detur.
592 2850 924 2912 Sandaraca
963 2870 1202 2931 quoque
1250 2870 1388 2913 cum
1434 2855 1633 2913 resina
1677 2851 2080 2914 terebinthina
2127 2870 2200 2913 ex
2247 2870 2358 2914 ovo

217 2951 287 3000 52
327 2939 536 3001 sorbili
575 2949 812 3019 sumpta
842 2949 1069 3002 tussem
1099 2941 1404 3002 remediat.
1466 2939 1809 3002 Vettonicae
1837 2940 2075 3020 pollinis
2113 2937 2275 3019 drag.
2304 2941 2360 3002 11
2386 2958 2441 2999 ao

325 3031 388 3089 in
434 3031 596 3108 passi
643 3028 866 3090 Cretici
912 3030 1138 3109 cyathis
1184 3030 1420 3091 duobus
1465 3031 1757 3110 permixta
1810 3048 1962 3109 aqua
2009 3028 2195 3091 calida
2242 3032 2360 3092 uti·

325 3118 466 3179 liter
511 3117 826 3179 adversum
871 3126 1097 3180 tussem
1144 3117 1451 3180 bibuntur.

218 3218 289 3267 53
507 3205 774 3268 Palmare
821 3208 1154 3269 remedium
1200 3208 1272 3268 ad
1311 3216 1539 3269 tussem
1577 3210 1694 3269 sic:
1740 3207 2009 3269 Feniculi
2046 3210 2191 3269 sicci
2228 3211 2360 3271 triti

327 3289 406 3382 ᾁ-
464 3294 647 3377 VIIII,
704 3296 906 3358 anethi
960 3296 1234 3358 similiter
1292 3290 1372 3383 ῥὶ-
1429 3296 1614 3373 VIIII,
1670 3298 1793 3376 opii
1847 3296 2097 3377 Hispani
2153 3290 2232 3383 θ’
2287 3298 2359 3360 11.

508 3509 571 3557 11
612 3502 879 3558 humoris.
1029 3508 1093 3557 13
1134 3505 1442 3559 exaustum.
1562 3509 1633 3559 24
1668 3503 2006 3574 fenograeci.
2117 3510 2187 3558 25
2224 3522 2357 3574 pro-

324 3589 531 3641 pensae
572 3575 891 3631 GornariuS.
993 3580 1062 3629 29
1099 3575 1464 3630 terebentina.
1574 3582 1642 3630 31
1679 3575 1991 3645 permixtae
2030 3574 2357 3632 Carnarius.
