2575 4092
184 670 252 718 39

185 936 255 983 40

183 1377 248 1425 41

180 1908 249 1957 42

182 2263 249 2311 43

180 2793 249 2843 45

179 2971 248 3020 46

178 3059 247 3109 47

1057 227 1369 291 ——238
1465 261 1542 272 —

293 400 355 453 et
410 409 605 471 panno
663 389 973 451 inductum
1032 407 1214 468 super
1269 389 1537 468 splenem
1591 389 1859 468 inponito
1906 395 1967 449 et
2012 404 2129 449 una
2175 388 2326 448 hora

293 480 547 541 calidum
593 478 814 539 habere
860 479 1166 558 permitte,
1223 480 1478 539 maximo
1527 494 1665 537 eum
1712 476 1977 556 periculo
2023 476 2328 558 liberabiS,

293 571 345 630 si
390 570 629 648 saepius
674 566 735 627 id
782 567 1015 628 feceris.

469 656 599 717 Alei
643 657 882 735 purgati
926 657 1119 735 capita
1158 656 1288 736 tria,
1327 655 1518 735 adipis
1553 656 1835 734 porcinae
1872 656 2122 716 nimium
2159 663 2326 716 vetu-

292 753 479 807 statae
523 745 588 806 P.
635 763 822 806 unum
869 744 1048 805 simul
1092 752 1370 805 conteres
1408 752 1468 805 et
1514 762 1709 823 panno
1746 742 1994 805 induces
2041 752 2102 804 et
2139 762 2324 823 supra
2359 759 2388 800 5

291 834 557 896 dolorem
604 834 778 895 lienis
824 836 1076 913 inpones
1123 843 1182 894 et
1228 832 1407 893 fascia
1455 832 1796 912 conligabiS.

470 922 666 1004 Conii,
721 922 781 983 id
830 929 923 982 est
969 923 1225 1002 cicutae,
1271 921 1491 983 radicis
1540 919 1603 982 P.
1652 938 1865 1002 unum,
1920 920 2111 999 adipis
2158 928 2324 982 vetu-

291 1020 478 1075 statae
515 1012 782 1073 hircinae
819 1010 883 1071 P.
923 1029 1130 1093 unum,
1167 1010 1277 1071 alei
1315 1012 1555 1089 purgati
1592 1009 1655 1071 P.
1693 1028 1898 1085 unum,
1936 1008 2050 1070 olei
2089 1009 2326 1071 cedrini

290 1101 352 1162 P.
401 1119 588 1162 unum
635 1099 811 1160 simul
858 1108 1017 1160 teres
1064 1107 1123 1160 et
1169 1117 1359 1177 genus
1406 1100 1771 1177 malagmatis
1817 1099 1999 1159 facies
2040 1105 2102 1158 et
2139 1116 2324 1177 supra

291 1189 559 1268 splenem
614 1187 880 1266 alligabis
935 1206 1046 1248 nec
1105 1195 1241 1249 ante
1299 1196 1578 1267 quartum
1633 1187 1790 1248 diem
1837 1187 2057 1269 solves3
2111 1189 2322 1248 certis·
2355 1203 2412 1244 ιο

291 1280 500 1338 simam
547 1278 702 1337 scies
747 1275 901 1336 hanc
948 1294 1080 1337 esse
1126 1276 1498 1339 medicinam.

374 1370 382 1381 ’
469 1364 777 1445 Optimum
822 1365 1015 1444 spleni
1060 1367 1392 1426 remedium
1429 1365 1545 1427 tale
1585 1373 1701 1426 est:
1748 1364 2071 1427 Gentianae
2110 1372 2325 1425 tunsae

291 1454 637 1516 cocliarium
693 1453 1032 1535 dimidium,
1096 1454 1250 1515 fellis
1317 1462 1512 1516 terrae
1572 1462 1785 1515 tunsae
1849 1453 2126 1515 cocliaria
2187 1455 2324 1534 tria,

293 1544 532 1605 feniculi
578 1544 745 1604 tunsi
791 1543 1044 1604 cocliare
1091 1562 1276 1605 unum
1325 1551 1386 1604 et
1431 1543 1743 1604 dimidium
1787 1542 1959 1604 bibes
2005 1561 2077 1602 ex
2122 1544 2323 1622 picato

289 1651 454 1693 mero
501 1632 594 1693 vel
641 1634 813 1711 nigro
860 1640 1101 1694 austero
1149 1632 1470 1713 tepefacto,
1526 1634 1608 1694 ita
1659 1639 1729 1693 ut
1775 1630 2091 1711 diligenter
2137 1649 2321 1710 supra
2353 1646 2404 1688 ιε

290 1723 548 1801 scriptae
607 1722 837 1800 species
895 1720 1189 1783 cribratae
1243 1723 1308 1781 in
1361 1720 1642 1800 pollinem
1702 1720 2049 1799 redigantur
2113 1727 2176 1780 et
2232 1721 2322 1780 sic

289 1812 781 1889 permisceantur.

465 1898 718 1959 Rubiam
764 1898 1037 1978 herbam,
1096 1917 1207 1978 qua
1255 1899 1581 1959 infectores
1628 1905 1908 1979 utuntur,
1959 1905 2197 1961 tunsam
2244 1916 2322 1958 ex

287 1990 481 2067 picato
521 1987 612 2048 vel
651 1995 890 2049 austero
928 1987 1023 2048 vel
1058 1990 1232 2066 nigro
1268 1989 1406 2048 vino
1444 1994 1547 2048 aut
1586 2006 1658 2047 ex
1696 2005 1873 2065 posca
1905 1985 2071 2048 dabis
2108 1985 2318 2048 biben-

289 2078 424 2137 dam
478 2078 677 2137 ieiuno
735 2076 1046 2155 splenitico
1104 2075 1492 2155 amplitudine
1556 2078 1729 2136 nucis
1790 2075 2111 2156 avellanae,
2174 2093 2318 2136 con·
2348 2087 2405 2127 20

288 2165 485 2226 festim
529 2164 816 2243 proderit.

465 2250 786 2313 Laudabile
834 2251 1163 2332 spleniticis
1210 2253 1543 2314 remedium
1588 2255 1702 2315 sic.
1753 2252 1992 2315 Hieram
2040 2252 2321 2334 botanen,

289 2358 441 2421 quae
486 2340 746 2401 verbena
793 2339 1138 2421 appellatur,
1185 2341 1486 2402 contunde
1535 2361 1672 2403 cum
1720 2344 1973 2422 axungia
2014 2349 2215 2402 vetere
2256 2350 2320 2402 et

288 2429 592 2490 inductam
638 2431 701 2490 in
747 2447 942 2509 panno
990 2429 1121 2490 albo
1171 2430 1392 2491 mundo
1447 2432 1667 2510 inpone
1714 2431 2053 2511 splenitico;
2109 2429 2318 2491 dolore

290 2518 493 2579 sedato
541 2517 770 2580 videbis
816 2521 1206 2597 sanguineum
1251 2518 1467 2599 locum,
1511 2522 1573 2580 in
1621 2539 1739 2600 quo
1788 2519 1957 2580 dolor
2002 2520 2201 2581 fuerit.
2347 2531 2400 2573 2⁵

468 2606 640 2667 Solea
684 2609 866 2686 piscis
913 2608 1106 2687 spleni
1152 2610 1459 2686 inponitur
1498 2608 1590 2669 vel
1626 2609 1874 2686 torpedo
1921 2608 2015 2669 vel
2049 2607 2321 2691 rombuS,

288 2695 393 2755 sed
439 2696 734 2774 inpositus
781 2694 1022 2757 rursum
1067 2698 1236 2756 vivus
1282 2699 1345 2756 in
1391 2714 1554 2757 mare
1599 2700 1896 2778 mittatur,
1942 2699 2092 2758 mire
2137 2697 2319 2776 prod·

289 2792 397 2846 est.
464 2782 580 2855 Qui
626 2786 870 2845 cottidie
916 2787 1154 2846 ieiunus
1200 2802 1402 2846 serum
1445 2804 1796 2868 caprunum,
1833 2787 1939 2848 sed
1977 2804 2182 2847 earum
2220 2804 2318 2846 ca-

288 2873 594 2955 pellarum,
632 2892 782 2953 quae
819 2873 1040 2935 hedera
1067 2882 1414 2955 pascuntur,
1450 2872 1688 2957 biberit,
1727 2874 1931 2955 splene
1960 2884 2318 2955 consumpto

287 2964 419 3023 erit.
468 2961 917 3023 Sarmentorum
955 2963 1107 3023 cinis
1146 2965 1300 3024 aceti
1337 2962 1564 3043 cyathis
1603 2964 1835 3025 duobus
1874 2982 2156 3043 aspersus
2185 2982 2316 3025 rec·
2346 2977 2402 3018 ³⁰

287 3052 516 3111 tissime
555 3050 781 3111 lienoso
820 3053 1021 3112 ieiuno
1061 3071 1134 3112 ex
1170 3070 1324 3131 aqua
1352 3051 1550 3130 tepida
1579 3052 1755 3114 datur
1783 3052 2094 3115 bibendus.
2143 3052 2317 3115 Cani-

286 3156 402 3201 nus
450 3138 618 3218 splen
661 3159 874 3201 recens
912 3158 1090 3220 supra
1130 3139 1398 3219 splenem
1434 3140 1692 3202 hominis
1728 3144 2038 3220 inponitur
2076 3141 2317 3204 dicente

286 3247 384 3310 eo,
432 3231 537 3309 qui
582 3229 851 3310 adponit,
897 3228 1227 3290 remedium
1274 3248 1340 3290 se
1387 3229 1580 3309 spleni
1626 3231 1839 3312 facere,
1891 3238 2096 3309 postea
2143 3230 2317 3309 splen

464 3388 495 3436 2
533 3381 862 3452 periculum.
1051 3389 1086 3438 4
1122 3350 1408 3453 purcinae.
1607 3385 1910 3439 vetustate.
2112 3388 2178 3437 18
2225 3401 2318 3440 ro·

285 3452 454 3507 biam.
688 3459 756 3510 28
812 3470 998 3509 serum
1054 3455 1381 3537 caprunum]
1439 3471 1630 3510 ervum
1677 3456 1862 3524 Ptin„
1924 3459 1985 3510 at
2037 3456 2107 3521 ef.
2156 3454 2313 3512 Ptin.

285 3525 706 3592 n.h.28‚180.
888 3531 954 3578 31
997 3541 1031 3579 a
1066 3525 1299 3581 lienoso.
1457 3527 1530 3581 da
1565 3525 1890 3582 bibendum.
2047 3523 2315 3598 caninus]

285 3593 518 3663 pecudis
555 3595 705 3651 Ptin.
