2575 4092
1001 248 1480 312 —361—

214 408 415 488 debet,
462 408 621 469 idem
668 417 728 470 et
774 417 1015 488 postero
1063 409 1159 471 die
1208 411 1340 471 fleri
1386 411 1711 492 oportebit3
1758 415 1935 474 tertia
1973 414 2068 475 die
2108 434 2246 476 cum

215 498 538 559 fervefacta
584 498 807 559 fuerint
853 500 1067 580 omnia,
1112 498 1469 579 percolanda
1515 509 1693 561 erunt
1739 510 1798 562 et
1834 502 2247 565 transferenda

215 589 281 647 in
351 586 670 647 caccabum
734 588 996 666 priorem
1056 596 1398 670 pertusum3
1462 589 1566 649 sed
1623 597 1759 650 ante
1815 589 2130 669 diligenter
2185 600 2249 653 et

217 677 413 754 spisse
470 675 736 736 foramen
794 677 923 736 eius
979 675 1378 737 obturandum
1434 679 1550 738 erit
1603 685 1780 757 atque
1827 678 1930 738 ubi
1975 679 2245 758 congela-

154 780 184 822 5
217 766 376 824 verit
429 781 492 823 se
549 762 758 844 adepS,
817 764 1247 826 extrahendum
1295 764 1711 827 obturaculum
1758 769 1873 828 erit
1921 775 1981 829 et
2027 770 2241 848 spissa·

213 860 488 913 mentum
524 852 967 935 removendum,
1005 861 1073 914 ut
1099 856 1303 915 vinum
1332 871 1505 915 omne
1537 854 1781 915 effluere
1810 858 2016 935 possit.
2071 855 2243 927 Quod

217 959 357 1002 cum
404 940 745 1023 defluxerit,
791 941 974 1021 adeps
1019 941 1112 1002 vel
1157 942 1682 1024 medicamentum,
1728 943 1888 1022 quod
1934 945 2248 1025 resederit,

214 1047 358 1089 vaso
397 1037 639 1107 stagneo
679 1048 798 1091 uno
835 1030 942 1090 ve}
963 1029 1237 1109 pluribus
1274 1031 1592 1111 diligenter
1627 1034 1855 1111 opertis
1892 1040 1951 1093 et
1979 1032 2243 1112 adplum·

217 1117 374 1178 batis
421 1127 762 1196 reponetur.

130 1225 188 1265 10
398 1205 623 1267 Harum
670 1209 1193 1287 compositionum,
1241 1210 1295 1268 si
1339 1226 1455 1287 qua
1503 1207 1650 1269 fides
1695 1215 1805 1289 est,
1853 1217 1913 1269 et
1956 1212 2087 1290 ipse
2134 1229 2248 1290 ego

217 1294 389 1355 utilia
434 1295 695 1356 remedia
742 1313 979 1374 semper
1015 1303 1298 1375 expertus
1338 1314 1470 1357 sum
1508 1306 1568 1358 et
1605 1296 1750 1357 alios
1787 1297 1944 1359 idem
1983 1301 2245 1360 sensisse

219 1382 538 1465 confirm03
575 1402 709 1443 nam
748 1391 810 1445 et
843 1384 988 1445 illud
1027 1384 1234 1463 adicio,
1273 1403 1648 1465 nequaquam
1684 1384 1825 1446 huic
1864 1404 2047 1467 acopo
2086 1406 2244 1449 com·

219 1473 419 1551 parari
480 1490 656 1551 posse
722 1472 831 1533 alia
887 1473 1302 1554 medicamina,
1367 1491 1517 1553 quae
1581 1476 1643 1534 in
1699 1473 1993 1535 similibus
2048 1478 2248 1537 causis

219 1559 492 1640 plerique
538 1562 865 1622 amicorum
910 1579 1197 1642 meorum,
1244 1560 1463 1640 quibus
1515 1579 1702 1640 aeque
1748 1580 1818 1623 ac
1864 1563 2009 1623 mihi
2046 1563 2247 1643 credo,

134 1667 190 1708 15
221 1651 459 1730 egregia
506 1667 570 1710 se
617 1656 895 1728 expertos
942 1668 1079 1710 cum
1124 1649 1510 1711 iureiurando
1548 1649 2024 1712 adfirmaverunt.
2097 1651 2244 1714 Illud

221 1745 420 1799 autem
483 1738 825 1798 meminisse
890 1747 1125 1817 oportet
1182 1738 1638 1799 medicaminum
1692 1741 1918 1817 peritos
1975 1740 2067 1801 vel
2122 1750 2246 1801 stu·

222 1826 448 1907 diosoS,
514 1844 957 1906 nonnumquam
1004 1825 1210 1887 eadem
1257 1826 1645 1888 medicamina
1701 1829 1764 1887 in
1819 1827 2031 1888 iisdem
2084 1830 2246 1890 vitiis

222 1917 493 1993 corporis
549 1914 640 1975 vel
696 1913 989 1975 similibus
1042 1914 1488 1976 infirmitatibus
1541 1915 1841 1976 interdum
1888 1916 2100 1977 melius
2147 1917 2246 1978 de-

222 2005 484 2064 teriusve
541 2003 904 2083 respondere
959 2011 1205 2083 propter
1250 2021 1570 2081 corporum
1616 2003 2095 2083 inaequalitatem
2143 2013 2247 2067 aut

137 2111 194 2149 20
222 2092 618 2153 differentiam
666 2100 924 2153 aetatum
970 2099 1073 2153 aut
1120 2093 1619 2171 opportunitatem
1660 2100 1996 2171 temporum
2035 2092 2127 2153 vel
2163 2093 2247 2155 lo-

221 2198 447 2253 corum,
486 2180 590 2241 sed
630 2180 877 2241 adfirmo
914 2198 1236 2260 prosperos
1273 2190 1540 2262 eventus,
1578 2182 1631 2241 si
1668 2181 1904 2260 quando
1941 2200 2092 2260 opus
2121 2182 2246 2243 fue·

221 2272 300 2330 rit
346 2268 635 2348 adhiberi,
680 2268 788 2329 has
833 2271 1298 2348 compositiones
1345 2287 1583 2348 semper
1627 2268 1951 2331 habituras,

402 2355 798 2418 Chalasticum
845 2356 1255 2436 olympianum
1303 2360 1662 2419 cerotarium
1710 2360 1942 2437 insigne
1990 2358 2063 2419 ad
2110 2377 2244 2420 ner·
2285 2376 2360 2426 10

222 2463 431 2506 vorum
478 2444 714 2506 dolores
761 2453 822 2506 et
867 2452 1160 2525 tumoreS,
1214 2445 1373 2525 quod
1419 2445 1577 2507 idem
1623 2445 1695 2506 ad
1743 2447 2021 2525 rhagadia
2068 2457 2128 2508 et
2173 2447 2245 2508 ad

140 2550 197 2593 25
224 2533 493 2613 pustulas
541 2533 685 2594 utile
733 2543 848 2614 est,
910 2534 1225 2595 conficitur
1272 2536 1385 2595 sic:
1454 2534 1632 2595 Turis
1675 2566 1766 2577 —
1804 2534 1881 2615 11,
1928 2535 2248 2597 mastiches

230 2655 305 2666 —
348 2621 419 2700 11,
466 2641 710 2702 spumae
758 2625 988 2700 argenti
1031 2656 1107 2667 —-
1150 2622 1221 2703 Il,
1269 2640 1547 2683 cerussae
1593 2656 1668 2667 —
1710 2622 1781 2702 II,
1829 2623 2248 2703 molybdaenae

231 2744 306 2755 —
348 2710 420 2791 Il,
468 2710 583 2771 olei
621 2713 782 2771 rosei
817 2710 878 2771 P.
919 2711 960 2793 l,
1008 2729 1179 2772 cerae
1218 2710 1383 2771 albae
1425 2743 1506 2753 —
1547 2710 1672 2790 1111,
1710 2712 1900 2789 adipis
1937 2715 2248 2773 anserinae

229 2831 306 2843 —
348 2798 428 2880 ll,
476 2798 766 2860 medullae
814 2804 1088 2860 cervinae
1136 2832 1221 2843 —-
1258 2798 1340 2880 11,
1396 2811 1606 2860 sucum
1653 2798 2019 2860 lactucarum
2067 2818 2248 2880 quan·

225 2896 350 2948 tum
396 2888 680 2966 sufficiat,
735 2890 816 2948 ita
871 2895 941 2948 ut
995 2906 1067 2948 ex
1124 2906 1306 2967 supra
1353 2890 1593 2966 scriptis
1640 2905 1792 2967 quae
1838 2890 1954 2949 teri
2000 2906 2246 2949 necesse

144 2994 199 3034 so
226 2983 319 3037 est
380 2994 518 3037 cum
583 2995 726 3037 suco
792 2978 921 3055 ipso
987 2975 1139 3037 bene
1203 2984 1477 3037 terantur
1540 2987 1599 3036 et
1661 2983 1868 3054 postea
1932 2978 2249 3055 supermit-

224 3073 427 3126 tantur
482 3072 811 3143 unguenta,
876 3063 936 3124 id
1005 3072 1099 3125 est
1163 3065 1389 3144 oleum,
1454 3083 1590 3125 cera
1658 3072 1719 3124 et
1782 3064 1963 3144 adeps
2019 3068 2248 3126 anseris

224 3160 286 3214 et
341 3151 595 3213 medulla
655 3155 922 3233 cervina,
979 3163 1039 3213 et
1093 3155 1181 3213 sic
1236 3155 1573 3214 confectum
1625 3152 1993 3213 medicamen
2040 3156 2101 3214 in
2148 3173 2248 3233 py-

224 3241 358 3302 xide
426 3251 665 3320 stagnea
732 3250 833 3302 aut
897 3243 960 3302 in
1028 3240 1263 3303 vasculo
1330 3241 1608 3320 plumbeo
1673 3249 2024 3323 reponatur3
2090 3244 2248 3303 simi-

224 3330 360 3391 liter
404 3332 466 3390 in
516 3333 919 3391 contractione
966 3348 1284 3390 nervorum
1334 3348 1472 3391 caro
1518 3329 1856 3410 palumbina
1904 3338 2139 3410 sumpta
2186 3333 2248 3391 in

148 3437 199 3478 sa
227 3418 360 3480 cibo
405 3417 668 3498 prodest.

407 3611 475 3660 10
510 3605 654 3678 ipse]
693 3607 1041 3663 Scribonium
1079 3607 1340 3676 intelliye,
1375 3607 1534 3660 euius
1569 3605 1699 3660 haec
1734 3610 1865 3659 sunt
1900 3606 2077 3660 verba.
