2575 4092
223 390 384 470 quod
433 391 802 452 medicamen
851 394 911 452 in
950 392 1164 471 pyxide
1211 410 1384 453 aerea
1432 392 1608 454 debet
1654 396 1882 476 reponi,
1929 396 2073 456 satis
2111 395 2255 457 utile

223 488 283 540 et
338 478 691 541 leucomatis
748 490 809 541 et
864 479 1245 542 cicatricibus
1293 489 1353 543 et
1399 481 1675 543 omnibus
1721 485 1880 545 vitiis
1928 483 2255 566 oculorum,

224 572 276 630 si
333 568 581 631 adsidue
637 569 775 630 inde
832 578 893 630 et
943 577 1275 649 opportune
1322 571 1706 650 inungantur.
1798 571 1874 633 Ut
1921 572 2363 636 leucomata149

222 657 538 746 oculorum
590 659 910 720 efficaciter
956 659 1272 741 discutiaS‚
1330 659 1582 739 ungulas
1629 662 1781 721 asini
1827 663 2078 722 viventis
2120 663 2258 724 lima

168 764 193 804 5
223 755 282 809 et
330 747 512 808 scobe
562 766 765 808 earum
815 766 990 827 quam
1036 749 1417 831 tenuissimo,
1464 751 1566 828 qui
1618 749 1852 811 levitate
1900 769 2006 812 sua
2053 752 2257 813 oculos

222 855 342 896 non
372 836 652 916 offendat,
699 855 833 898 cum
869 837 1019 898 lacte
1048 836 1328 898 muliebri
1365 840 1549 898 mixto
1585 839 1930 918 frequenter
1966 842 2257 920 inungito.

220 925 495 986 Araneus
544 925 712 987 albus
759 926 1039 987 cruribus
1086 926 1448 1005 longissimis
1496 945 1631 988 cum
1678 927 1808 988 oleo
1855 936 2056 990 vetere
2109 941 2366 991 con-150

220 1017 402 1076 tritus
442 1032 552 1094 per
589 1017 994 1077 inunctionem
1034 1014 1340 1076 adsiduam
1388 1015 1718 1078 leucomata
1769 1019 1976 1078 eximit
2023 1026 2082 1079 et
2123 1019 2257 1080 ideo

218 1104 428 1184 plures
484 1122 621 1164 cum
679 1104 809 1165 oleo
865 1104 1189 1166 sufficienti
1245 1107 1362 1166 teri
1418 1113 1681 1188 oportet,
1737 1125 1813 1167 ne
1860 1114 1996 1167 ante
2045 1108 2257 1169 conflr-

141 1209 192 1248 10
220 1200 441 1253 matam
520 1194 829 1254 sanitatem
904 1192 1270 1254 medicamen
1348 1197 1749 1257 necessarium
1823 1194 1993 1257 desit.
2096 1196 2364 1275 Cepa161

218 1283 397 1361 longa
456 1290 707 1344 contusa
763 1284 1117 1361 exprimitur
1173 1284 1422 1362 eiusque
1480 1303 1662 1345 sucus
1717 1283 2094 1363 opobalsamo
2152 1285 2261 1366 vel,

221 1370 381 1451 quod
442 1371 743 1432 efficacius
803 1380 924 1451 est,
981 1370 1122 1432 lacti
1166 1372 1434 1433 mulieris
1482 1372 1778 1434 admixtus
1825 1373 2153 1435 leucomata
2202 1382 2263 1435 et

220 1461 538 1521 cicatrices
594 1468 656 1521 et
701 1479 851 1540 quae
901 1460 1112 1521 Graeci
1157 1471 1456 1540 argemata
1502 1462 1799 1541 appellant
1843 1465 1995 1523 miro
2044 1463 2258 1524 effectu

219 1551 560 1611 inunctioni
605 1549 866 1610 adbibita
905 1558 1184 1611 extenuat
1222 1558 1401 1630 atque
1439 1559 1734 1630 persanat.
1820 1550 2124 1611 Anemone
2164 1551 2364 1612 di-152

143 1654 191 1693 15
220 1641 381 1700 citur
439 1657 471 1698 a
520 1637 762 1699 Graecis
817 1638 1028 1718 herba,
1086 1657 1235 1719 quae
1292 1647 1516 1700 tantam
1576 1641 1695 1699 vim
1742 1639 1992 1699 remedii
2038 1638 2260 1700 habere

220 1727 513 1807 creditur,
568 1736 637 1788 ut
690 1736 921 1807 portata
977 1727 1050 1788 ab
1098 1746 1167 1788 eo
1224 1727 1320 1788 vel
1376 1727 1666 1807 subligata
1726 1727 1876 1788 collo
1939 1730 2095 1810 eiuS,
2159 1730 2260 1807 qui

222 1817 535 1896 glaucoma
571 1819 819 1897 patitur,
847 1819 1004 1877 intra
1031 1815 1160 1878 dies
1189 1817 1578 1897 quadraginta
1609 1819 1874 1896 quinque
1910 1835 2046 1877 eum
2077 1820 2260 1877 sanis-

224 1909 444 1967 simum
482 1904 707 1967 reddat.
771 1904 849 1966 Ut
884 1906 1190 1985 glaucoma
1227 1908 1522 1986 incipiens
1561 1906 1837 1967 celeriter
1876 1905 2367 1985 discutiatur,153

222 1995 471 2056 herbam
529 1994 852 2075 serpyllum
907 1995 1173 2074 decoque
1232 2004 1293 2056 et
1349 1998 1478 2057 eius
1534 2013 1686 2075 aqua
1743 1994 1948 2056 oculos
2014 1995 2260 2056 adsidue

138 2099 196 2139 20
225 2085 377 2166 fove,
425 2092 632 2163 postea
679 2086 811 2162 pice
858 2083 1081 2164 liquida
1128 2102 1278 2163 pura
1326 2104 1393 2146 ac
1445 2083 1630 2146 nitida
1676 2084 1837 2146 velut
1883 2083 2126 2165 collyrio
2173 2087 2260 2145 in-

222 2192 401 2254 unge,
449 2174 569 2234 cito
617 2176 871 2252 recipies
918 2175 1246 2234 sanitatem.
1327 2173 1595 2234 Perdicis
1642 2175 1820 2235 unius
1873 2173 1966 2255 fel,
2014 2173 2368 2253 opobal-154

224 2264 376 2323 sami
424 2261 701 2342 cyathum
760 2281 972 2344 unum,
1029 2264 1233 2342 cyperi
1280 2262 1509 2323 Sidonii
1565 2262 1760 2342 cyathi
1816 2272 2043 2342 partem
2092 2263 2259 2323 dimi-

222 2352 410 2432 diam,
465 2353 605 2412 trita
662 2350 808 2411 haec
864 2359 925 2412 et
980 2352 1050 2412 ad
1110 2369 1400 2412 summam
1447 2351 1744 2412 levitatem
1791 2351 2078 2431 perducta
2127 2370 2259 2430 per-

224 2444 527 2518 mixtaque
556 2441 617 2500 in
646 2440 863 2520 pyxide
882 2439 1161 2520 plumbea
1189 2458 1443 2518 repones
1474 2448 1535 2500 et
1567 2442 1913 2501 inunctione
1944 2440 2258 2501 adversum

134 2544 190 2585 25
221 2530 591 2608 glaucomata
622 2536 683 2589 et
708 2529 1037 2608 ypochyses
1067 2538 1128 2590 et
1155 2529 1472 2608 caliginem⁴
1495 2530 1645 2590 mire
1667 2531 1876 2589 uteriS.
1923 2528 2097 2590 Corvi
2125 2547 2244 2589 ma·
2264 2539 2365 2589 165

223 2621 346 2678 rini
393 2617 472 2678 fel
518 2620 855 2678 inunctioni
901 2617 1230 2679 adhibitum
1278 2617 1562 2696 caligines
1607 2617 1793 2699 tollit,
1845 2617 2153 2697 albugines
2201 2625 2261 2678 et

224 2708 540 2768 cicatrices
588 2713 887 2788 extenuat,
935 2725 1145 2767 carnes
1192 2714 1608 2767 excrescentes
1652 2710 1977 2786 compescit
2013 2708 2259 2768 fluores-

226 2815 342 2876 que
400 2795 710 2856 oculorum
769 2798 1057 2875 reprimit.
1148 2795 1456 2877 Pisciculi,
1517 2797 1621 2875 qui
1685 2814 1905 2875 equum
1954 2799 2247 2856 marinum
2263 2808 2365 2857 156

226 2884 464 2967 similat,
513 2884 593 2945 fel
650 2903 896 2945 ovorum
943 2884 1230 2945 albumini
1275 2887 1527 2945 mixtum
1576 2892 1637 2945 et
1683 2902 1819 2945 cum
1867 2884 1998 2945 lana
2054 2884 2257 2945 sucida

135 2988 194 3028 so
224 2973 416 3035 oculis
473 2973 809 3052 adpositum
868 2973 1079 3033 melius
1135 2973 1473 3034 remedium
1523 2992 1703 3052 supra
1763 2976 2001 3053 scriptis
2058 2973 2256 3035 oculo-

224 3080 359 3124 rum
410 3064 606 3123 causis
655 3081 829 3141 quam
877 3061 1065 3122 ullum
1113 3062 1269 3122 aliud
1318 3063 1684 3123 medicamen
1723 3070 2026 3141 praestare
2075 3065 2259 3124 mani-

226 3153 444 3213 festum
486 3159 595 3212 est.
663 3150 929 3212 Scrofina
967 3152 1138 3229 adipe
1178 3153 1406 3211 recenti
1440 3153 1491 3211 si
1521 3154 1655 3230 quis
1685 3155 1973 3213 contritos
2003 3152 2248 3230 angulos
2264 3163 2364 3214 157

225 3242 565 3322 oculorum,
613 3258 764 3319 quos
812 3239 1024 3300 Graeci
1070 3238 1324 3300 canthus
1373 3249 1611 3322 vocant,
1667 3243 1923 3301 interius
1971 3243 2258 3301 exterius-

226 3349 339 3409 que
384 3331 721 3410 inunxerit,
766 3328 1140 3408 vermiculoS,
1189 3331 1292 3407 qui
1339 3331 1501 3389 noxii
1548 3337 1688 3390 sunt
1733 3328 1937 3410 oculiS‚
1984 3337 2260 3408 potenter

138 3431 199 3472 ³5
227 3419 443 3480 educit.
505 3416 752 3497 ‚Sepiae
800 3424 951 3478 testa
998 3418 1274 3498 interior,
1324 3436 1473 3497 quae
1520 3417 1713 3478 mollis
1761 3424 1878 3499 est,
1925 3418 2366 3495 diligentis-158

232 3510 376 3569 sime
442 3508 590 3567 trita
656 3514 715 3566 et
777 3506 1053 3568 muliebri
1117 3505 1267 3566 lacte
1330 3509 1618 3586 permixta
1686 3515 1862 3585 atque
1928 3507 2260 3566 inunctioni

226 3597 489 3658 adhibita
532 3605 733 3673 'supra
788 3595 962 3656 dictis
1010 3594 1320 3656 oculorum
1379 3596 1574 3656 causis
1632 3594 1951 3672 plurimum
2002 3594 2260 3673 prodest.
