2575 4092
1089 186 1574 251 —116—

222 361 290 410 22
328 349 590 428 Linguae
637 348 838 410 ulcera
875 348 969 409 vel
1014 349 1260 428 pusulae
1308 349 1462 410 bene
1507 351 1911 428 accipiuntur,
1960 350 2012 408 si
2057 347 2220 408 oleae
2266 347 2355 408 vel

325 438 567 498 oleastri
598 456 741 499 suco
779 438 1057 499 foliorum
1095 447 1156 499 et
1196 438 1442 518 sulpure
1471 439 1633 499 tritis
1662 437 1909 498 adsidue
1935 437 2354 516 perfricentur.

221 539 289 588 23
327 526 517 587 Rosae
555 526 667 586 ssos
713 526 931 608 luteus,
975 527 1209 588 alumen
1250 529 1524 608 scissum,
1571 526 1737 606 galla,
1781 527 1891 587 iris
1925 527 2056 605 pari
2092 525 2354 603 pondere

326 618 521 676 omnia
568 615 884 696 diligenter
927 624 1209 677 teruntur
1248 624 1310 677 et
1346 618 1468 676 oris
1506 634 1574 676 ac
1612 615 1848 694 linguae
1895 617 2034 675 vitia
2081 615 2356 693 frequen-

220 717 288 766 24
325 713 420 765 ter
461 722 531 765 eo
568 703 812 783 pulvere
849 705 1269 785 perfricantur.
1349 704 1702 785 Cyclaminis
1751 722 1934 765 sucus
1982 702 2140 763 melli
2175 702 2355 783 Lycio
2382 718 2410 759 5

325 793 652 873 aequaliter
707 796 928 855 mixtus
983 794 1242 873 linguam
1300 801 1361 854 et
1415 795 1602 854 totius
1657 794 1779 853 oris
1827 792 2026 853 ulcera
2072 793 2356 871 potentis-

225 931 230 935 .
326 885 474 943 sime
522 891 715 961 sanat,
772 901 1041 944 umorem
1099 901 1337 962 quoque
1385 891 1446 943 et
1489 884 1765 961 pituitam
1813 881 2056 961 largiter
2100 881 2356 941 infusam

220 983 289 1032 25
327 971 586 1032 deducit.
678 970 931 1032 Pusulae
978 990 1114 1032 cum
1164 971 1363 1033 subito
1411 974 1471 1031 in
1518 970 1720 1049 lingua
1766 978 2114 1049 nascuntur,
2164 972 2357 1048 prius-

326 1078 502 1139 quam
532 1059 689 1120 idem
722 1059 1004 1140 loquariS‚
1041 1069 1339 1121 extremae
1367 1062 1604 1122 tunicae
1634 1078 1750 1139 qua
1779 1060 2017 1120 vestiris
2047 1077 2148 1118 ora
2174 1076 2358 1137 pusu-

263 1165 266 1168 ’
323 1148 442 1209 lam
488 1156 694 1227 tanges
741 1157 803 1208 et
846 1155 939 1208 ter
986 1149 1178 1210 dices:
1243 1149 1387 1210 Tam
1436 1157 1739 1209 extremus
1791 1150 1871 1208 sit
1917 1149 2021 1227 qui
2066 1165 2160 1208 me
2205 1147 2358 1207 male
2386 1164 2444 1203 10
2554 1221 2555 1234 ἶ

223 1251 289 1300 26
329 1239 609 1317 nominat,
639 1245 699 1297 et
726 1239 946 1298 totiens
975 1255 1155 1316 spues
1185 1238 1257 1298 ad
1287 1245 1526 1318 terram,
1556 1239 1756 1297 statim
1791 1235 2096 1298 sanabere.
2154 1235 2361 1296 Solent

328 1328 595 1406 gingivae
644 1326 1016 1405 quorundam
1062 1326 1254 1387 fluore
1302 1327 1593 1406 infestari,
1639 1344 1786 1405 quas
1830 1332 2181 1405 praegnates
2230 1326 2360 1403 qui-

328 1416 463 1475 dam
525 1423 767 1496 vocant3
831 1424 1086 1493 prosunt
1140 1416 1234 1475 his
1288 1415 1525 1476 lentisci
1581 1414 1721 1475 folia
1775 1414 1941 1475 arida
1995 1421 2242 1475 contusa
2300 1423 2365 1474 et

328 1503 588 1565 cribrata
635 1505 897 1565 tenuiter
941 1503 1243 1583 perforato
1292 1504 1522 1584 cribro,
1578 1503 1722 1564 facit
1776 1513 1836 1564 et
1891 1505 2043 1563 cinis
2092 1502 2363 1563 eiusdem

327 1593 563 1654 lentisci
610 1591 889 1654 foliorum
928 1601 1277 1654 exustorum
1322 1595 1619 1671 inpositus
1666 1600 1726 1652 et
1764 1611 1915 1671 aqua
1954 1591 2221 1652 eiusdem
2259 1590 2359 1651 de·
2390 1605 2446 1645 15

220 1694 287 1742 27
328 1684 484 1742 cocti
530 1700 597 1742 os
644 1681 872 1743 elutum
918 1684 1173 1743 iuvatur.
1257 1681 1646 1761 Conpositum
1699 1681 1814 1742 hoc
1860 1680 2360 1741 medicamentum

326 1771 572 1850 prodest
600 1773 855 1850 gingivis
883 1781 944 1831 et
972 1771 1043 1831 ad
1074 1773 1273 1831 omnia
1313 1770 1533 1849 ulcera,
1573 1788 1724 1848 quae
1760 1772 1823 1829 in
1862 1788 1967 1829 ore
2003 1771 2175 1850 fiunt,
2214 1767 2362 1829 utile

327 1867 435 1939 est,
483 1860 642 1938 quod
691 1860 937 1921 anthera
974 1879 1005 1919 a
1044 1858 1286 1920 Graecis
1330 1858 1688 1939 appellatur3
1735 1860 1950 1937 recipit
1995 1857 2167 1918 haec:
2216 1856 2361 1917 Alu-

327 1950 504 2008 minis
552 1949 678 2009 fissi
721 1948 772 2008 X
809 1947 916 2029 ΙΙΙ,
963 1967 1195 2027 myrrae
1244 1948 1296 2008 X
1333 1948 1414 2027 ΙΙ,
1462 1949 1626 2008 croci
1671 1947 1723 2007 X
1759 1946 1838 2027 H,
1892 1948 2114 2027 cyperi,
2159 1945 2220 2006 id
2268 1954 2362 2007 est

328 2038 519 2117 iunci,
573 2036 792 2097 radicis
840 2035 890 2095 X
936 2036 1043 2114 ΙΙΙ,
1100 2037 1283 2116 gallae
1332 2035 1382 2095 X
1421 2036 1498 2116 ΙΙ,
1554 2054 1727 2097 rosae
1781 2036 1931 2096 lutei
1984 2035 2149 2111 floris
2196 2034 2248 2094 X
2287 2033 2358 2115 11,
2392 2049 2448 2087 20
2554 2123 2555 2126 Ἴ

329 2123 684 2185 sandaracae
731 2125 1013 2185 Ponticae
1059 2124 1112 2185 X
1148 2124 1245 2205 111,
1293 2127 1448 2186 turis
1493 2125 1744 2186 masculi
1778 2123 1830 2184 X
1867 2123 1938 2184 ΙΙ.
2010 2122 2136 2183 Hoc
2173 2123 2358 2184 medi-

327 2214 556 2273 camine
604 2213 769 2274 arido
815 2216 907 2273 uti
951 2213 1252 2292 oportebit
1298 2213 1390 2275 vel
1434 2216 1611 2274 etiam
1650 2232 1785 2274 cum
1831 2212 2006 2273 melle
2052 2214 2238 2272 mixto
2286 2213 2362 2272 ad

328 2301 628 2380 parulidas
673 2310 777 2363 aut
834 2300 1126 2382 epulidaS‚
1181 2302 1242 2362 id
1300 2311 1393 2363 est
1446 2302 1550 2363 ubi
1606 2321 1678 2362 ex
1725 2310 2065 2362 transverso
2126 2303 2365 2380 gingiva

329 2398 695 2469 suppuratur
754 2391 846 2451 vel
900 2390 1006 2451 ubi
1066 2410 1247 2470 super
1314 2399 1646 2451 extremum
1714 2389 1995 2451 molarem
2057 2391 2365 2451 increscit..

222 2492 288 2540 28
326 2478 572 2540 Moleste
625 2481 928 2541 interdum
984 2482 1237 2559 gingivis
1293 2488 1355 2540 et
1409 2498 1624 2540 cancer
1682 2498 1794 2558 per
1849 2498 1916 2540 os
1978 2480 2191 2558 serpit,
2258 2482 2368 2558 qui
2397 2495 2453 2536 25

328 2570 488 2628 inter
541 2570 709 2629 initia
765 2569 1073 2647 neglectus
1129 2568 1298 2629 brevi
1356 2570 1643 2648 temporis
1689 2570 1879 2647 spatio
1928 2569 2136 2628 mortis
2182 2586 2369 2628 causa

328 2665 436 2716 est.
493 2655 744 2736 Oportet
782 2675 923 2735 ergo
954 2675 1088 2718 cum
1119 2659 1381 2736 primum
1409 2659 1572 2717 visus
1601 2658 1802 2738 fuerit,
1839 2664 2156 2735 antequam
2183 2655 2370 2718 latius

330 2753 530 2823 serpat
558 2746 880 2825 faucesque
908 2753 1179 2826 occupet,
1206 2748 1360 2825 misy
1379 2753 1515 2806 usto
1544 2763 1721 2823 quam
1740 2745 1998 2824 plurimo
2019 2763 2156 2805 cum
2186 2745 2369 2806 melle

329 2836 420 2895 uti
467 2836 730 2916 saepius,
786 2834 891 2895 sed
947 2842 1082 2895 ante
1139 2833 1350 2895 dentes
1407 2842 1468 2894 et
1513 2852 1580 2893 os
1627 2834 1806 2895 collui
1853 2833 2074 2895 dehent
2118 2834 2371 2895 oleastri

227 2935 292 2983 29
332 2941 483 3001 aqua
522 2923 753 2984 decocti
789 2932 891 2985 aut
929 2925 1169 2984 corticis
1212 2923 1352 2984 mali
1390 2925 1636 3001 granati.
1701 2923 1957 2984 Prodest
1993 2930 2055 2983 et
2089 2922 2203 2983 hoc
2240 2942 2370 2984 me·
2399 2940 2454 2979 so

330 3012 732 3074 dicamentum
779 3014 956 3073 etiam
1001 3014 1066 3072 in
1112 3015 1276 3072 omni
1320 3019 1488 3091 parte
1537 3013 1806 3090 corporis
1854 3013 2112 3089 positum
2153 3020 2374 3073 contra

331 3118 669 3181 cancerem,
726 3100 885 3179 quod
940 3109 1185 3162 vocatur
1238 3099 1602 3180 Andronios3
1662 3102 1879 3178 recipit
1933 3106 2130 3160 autem
2189 3100 2374 3163 haec:

332 3188 469 3249 Mali
504 3192 735 3270 granati
771 3192 1013 3250 corticis
1050 3189 1102 3249 X
1130 3188 1203 3270 X,
1249 3199 1447 3250 terrae
1491 3188 1627 3249 mali
1666 3188 1718 3248 X
1744 3187 1919 3268 VIIII,
1957 3188 2117 3249 aloes
2155 3188 2209 3250 X
2236 3190 2374 3270 1111,

332 3297 563 3357 myrrae
601 3277 752 3359 XII,
788 3277 972 3357 gallae
1016 3277 1068 3338 X
1094 3277 1213 3358 Vll,
1260 3277 1538 3338 aluminis
1575 3278 1700 3337 fissi
1738 3276 1944 3357 XIIII,
1991 3279 2147 3339 aeris
2194 3278 2375 3340 floris
2420 3279 2429 3282 “

473 3419 506 3467 2
547 3412 791 3483 sulpore.
1000 3418 1032 3468 9
1071 3430 1257 3481 quam.
1470 3418 1537 3467 19
1584 3412 1803 3468 mirrae.
2013 3419 2083 3467 20
2125 3413 2375 3470 radices.

333 3490 399 3537 21
440 3484 781 3541 sandaricae.
892 3490 959 3539 22
991 3485 1087 3556 ad]
1119 3489 1233 3540 aut.
1346 3490 1413 3539 25
1444 3485 1503 3538 et
1529 3500 1630 3538 om.
1738 3501 1837 3553 per
1865 3500 1966 3539 om.
2074 3489 2144 3537 28
2175 3485 2375 3541 misni.

333 3559 399 3607 32
440 3555 666 3625 recepit.
813 3561 883 3610 34
920 3572 1137 3626 myrrae
1174 3554 1308 3611 XII
1343 3554 1530 3625 gallae
1566 3553 1621 3609 X
1648 3553 1752 3609 VII
1787 3570 1888 3610 om.
2031 3554 2154 3611 flos,
