2575 4092
1006 251 1314 317 —247
1413 288 1490 299 —

409 413 693 493 Malagma
733 413 803 474 ad
845 432 1024 474 coxae
1061 413 1355 475 dolorem:
1401 413 1661 475 Masticis
1689 414 1865 476 Chiae
1895 415 1958 477 P.
1990 415 2048 496 8,
2086 415 2255 477 abro·
2294 430 2327 479 6

229 505 359 563 toni
406 505 538 564 suci
583 500 645 564 fi-
687 501 755 583 S,
812 506 966 564 turis
1013 501 1075 564 P.
1116 502 1185 581 S,
1241 502 1381 564 salis
1428 505 1778 564 ammoniaci
1822 504 1886 566 P.
1927 503 1993 584 8,
2049 506 2255 565 aristo·

229 591 418 652 lociae
474 591 765 652 rotundae
817 591 878 653 P.
917 590 996 671 ΙΙ,
1051 591 1422 652 aristolociae
1468 591 1727 670 digitalis
1771 592 1834 654 P.
1872 592 1954 673 ΙΙ,
2011 612 2255 673 spumae

230 683 466 759 argenti
510 680 572 741 P.
611 678 653 758 Ι,
698 679 1015 760 propoleos
1060 677 1124 741 P.
1162 679 1205 760 Ι,
1252 682 1404 741 cotis
1447 679 1714 742 Creticae
1750 678 1814 743 P.
1852 681 1877 742 1
1917 681 1976 763 8,
2022 684 2253 743 resinae

176 783 204 826 5
232 770 500 847 pituinae
538 768 601 832 P.
640 766 667 829 1
706 767 765 843 S,
812 767 927 829 olei
972 770 1191 829 veteris
1228 768 1292 830 P.
1330 766 1428 851 111,
1474 768 1589 829 olei
1634 769 1851 830 laurini
1890 768 1955 830 P.
1994 769 2091 851 111,
2137 771 2253 850 gal·

228 856 370 917 bani
397 857 460 917 P.
489 857 532 937 1,
570 856 797 937 lepidae
836 856 1084 936 Cypriae
1113 856 1174 918 P.
1208 856 1266 938 8,
1306 875 1477 917 cerae
1506 856 1568 918 P.
1598 855 1625 918 1
1654 856 1713 936 S,
1751 859 1974 938 sinapis
2007 858 2251 920 Alexan·

228 945 390 1005 drini
426 943 488 1007 fi-
526 944 626 1025 ΙΙΙ,
663 947 818 1006 aceti
855 942 917 1006 8-
957 944 1053 1005 111.
1116 944 1328 1006 Omnia
1367 944 1512 1006 hacc
1550 953 1723 1007 tunsa
1764 964 1914 1025 quae
1952 946 2253 1009 tundenda

227 1042 370 1096 sunt
425 1043 486 1094 et
539 1036 789 1094 remissa
835 1052 985 1114 quae
1033 1033 1461 1113 liquefacienda
1505 1042 1647 1095 sunt
1692 1035 1868 1096 simul
1915 1053 2253 1115 excoquun-

225 1130 329 1183 tur
376 1131 437 1183 et
481 1131 685 1202 postea
731 1130 851 1183 tam
898 1122 1000 1183 diu
1041 1122 1313 1184 manibus
1350 1122 1727 1205 subiguntur,
1774 1123 1964 1185 donec
2001 1124 2253 1186 densum

144 1224 199 1265 ιο
226 1211 513 1289 malagma
559 1211 676 1272 fiat.

407 1298 677 1360 Sciaticis
723 1299 956 1361 cocleae
1005 1298 1224 1360 crudae
1270 1302 1447 1360 tritae
1492 1301 1553 1361 in
1591 1302 1728 1361 vino
1765 1301 2015 1362 Amineo
2054 1320 2124 1362 cx
2163 1304 2248 1382 pi·
2290 1314 2320 1363 ‘1

223 1406 367 1467 pere
407 1397 580 1467 potae
617 1390 768 1449 mire
806 1396 1074 1467 prosunt.
1140 1386 1359 1448 Pellem
1397 1388 1524 1467 lupi
1557 1387 1936 1450 aluminatam
1974 1408 2083 1468 per
2120 1390 2249 1451 dies
2287 1403 2320 1453 8

222 1495 327 1537 sex
375 1475 595 1537 lumbis
641 1476 981 1538 dolentibus
1027 1478 1262 1557 inpone,
1310 1477 1508 1536 statim
1556 1476 1890 1538 subvenies,

402 1564 767 1626 Lumborum
805 1576 866 1627 et
901 1567 1164 1626 vessicae
1202 1563 1567 1625 cruciatibus
1595 1564 1886 1626 laboranti
1914 1566 2160 1645 prodest
2188 1569 2250 1628 in
2287 1580 2320 1629 9

141 1667 195 1709 15
223 1652 476 1714 balineis
525 1654 652 1715 loco
700 1654 906 1733 calido,
955 1653 1097 1715 dum
1143 1652 1264 1714 illic
1313 1664 1421 1732 est,
1467 1655 1701 1714 urinam
1750 1671 2014 1731 egerere.
2091 1654 2248 1718 Lana
2291 1668 2356 1718 ιο

221 1741 446 1821 sucida,
485 1744 661 1822 nitro,
708 1742 972 1824 sulpure,
1018 1742 1166 1823 oleo,
1207 1750 1393 1821 aceto,
1430 1743 1563 1820 pice
1600 1741 1841 1822 liquida,
1881 1742 2275 1806 ferventibus¹

218 1831 334 1910 his,
379 1833 565 1892 tincta
613 1838 672 1891 et
720 1850 897 1911 quam
944 1830 1301 1892 calidissime
1350 1832 1648 1891 sustinere
1694 1832 1884 1910 possit
1919 1830 2013 1892 bis
2051 1834 2113 1892 in
2151 1832 2245 1893 die

219 1918 487 1998 adposita
534 1919 779 1999 prodest
824 1918 1163 1981 lumborum
1210 1918 1417 1979 dolori.

400 2007 745 2069 Remedium
804 2011 1021 2069 mirum
1078 2008 1392 2069 adversum
1449 2009 1709 2068 nesciam
1767 2006 1858 2068 vel
1914 2007 2245 2070 arthrisim:
2288 2022 2350 2070 11

130 2111 189 2151 20
218 2096 417 2158 Herba
465 2105 558 2158 est
602 2096 692 2157 vel
739 2097 1080 2177 frutectum,
1128 2096 1287 2176 quod
1334 2097 1587 2157 maxime
1634 2098 1792 2157 circa
1839 2114 2013 2175 sepes
2050 2098 2244 2158 vinea·

218 2205 357 2247 rum
412 2188 704 2267 nascitur,
760 2185 968 2246 Latine
1033 2189 1259 2266 cytisus
1315 2185 1563 2266 dicitur3
1625 2184 1899 2263 virgultis
1959 2194 2051 2246 est
2108 2186 2244 2248 sub·

217 2277 396 2335 tortis
441 2274 536 2336 vel
581 2277 806 2354 curviS‚
853 2274 1009 2334 foliis
1055 2274 1351 2354 oblongis,
1397 2273 1551 2335 bene
1597 2273 1948 2353 virentibuS,
1993 2273 2243 2336 floribus

218 2362 518 2424 conclusis
565 2362 835 2441 oblongis
877 2362 1026 2423 albis
1064 2362 1155 2423 vel
1194 2365 1372 2423 etiam
1410 2362 1696 2441 galbineis
1732 2362 1886 2424 bene
1924 2362 2241 2444 olentibuS,

215 2452 277 2513 id
309 2459 401 2513 est
429 2451 651 2512 mellito
679 2451 879 2512 odore.
926 2451 1276 2513 Frutectum
1306 2453 1502 2530 ipsum
1533 2468 1768 2530 semper
1787 2453 1987 2511 virens
2017 2460 2241 2513 aestate

126 2552 185 2594 25
218 2549 400 2620 atque
452 2540 648 2601 hieme
705 2539 1004 2619 colligitur
1059 2541 1154 2601 die
1202 2539 1356 2599 lovis
1411 2538 1550 2600 luna
1605 2546 1805 2599 vetere
1859 2538 2060 2600 liduna
2109 2548 2243 2602 ante

214 2629 532 2708 prandium
579 2637 639 2689 et
685 2627 859 2690 datur
906 2631 978 2707 ei,
1025 2630 1125 2689 cui
1169 2627 1436 2689 remedio
1474 2627 1673 2688 futura
1713 2635 1821 2708 est,
1870 2629 2069 2689 ieiuno
2108 2638 2242 2689 ante

213 2718 534 2797 prandium
568 2720 728 2798 trita,
774 2719 856 2778 ita
898 2727 966 2777 ut
1003 2735 1123 2778 non
1162 2735 1345 2778 sucus
1383 2724 1615 2777 tantum
1652 2717 1800 2797 eius,
1848 2716 1950 2777 sed
1991 2724 2051 2777 et
2088 2716 2243 2797 folia,

216 2806 516 2887 quomodo
554 2807 693 2867 trita
730 2806 972 2887 fuerint,
1014 2805 1101 2866 vel
1138 2805 1319 2866 flores
1357 2806 1504 2883 eiuS,
1542 2806 1595 2865 si
1627 2804 1869 2884 fuerint,
1910 2807 1995 2865 sic
2025 2805 2244 2866 dentur

214 2914 289 2955 ex
344 2897 498 2955 meri
553 2896 670 2954 vini
727 2898 945 2955 veteris
1000 2896 1124 2955 sive
1181 2896 1359 2955 etiam
1403 2892 1621 2953 novelli
1667 2895 1969 2973 quartario
2016 2894 2242 2971 grandi.

124 2995 185 3037 :³0
215 2982 334 3044 Sed
391 2986 495 3061 qui
548 2984 802 3062 accipiet
857 2993 1021 3045 stans
1077 2984 1328 3061 accipiat
1378 2989 1438 3042 et
1483 2990 1690 3043 contra
1737 2984 2029 3043 orientem
2078 2980 2241 3045 bibat

214 3080 276 3132 et
333 3091 471 3133 cum
527 3090 557 3131 a
616 3070 822 3133 dextra
876 3079 1047 3150 parte
1092 3072 1396 3149 potionem
1443 3072 1769 3150 acceperit,
1820 3070 1891 3131 ad
1939 3072 2239 3132 sinistram

212 3168 378 3221 retro
426 3169 495 3222 ut
540 3178 659 3221 non
706 3162 986 3240 respiciat
1032 3158 1240 3219 reddat
1288 3157 1530 3219 calicem
1581 3162 1662 3238 ei,
1711 3162 1813 3239 qui
1860 3159 2093 3221 dederit
2136 3178 2240 3238 po·

212 3252 469 3329 tionem3
534 3249 648 3310 hoc
714 3267 822 3328 per
882 3249 1147 3310 triduum
1203 3248 1397 3308 faciet.
1489 3246 1605 3309 Sed
1665 3252 1767 3328 qui
1822 3248 2069 3310 daturus
2127 3249 2244 3308 erit

212 3340 538 3418 potionem,
584 3355 703 3398 una
747 3337 895 3399 hora
933 3337 1023 3398 vel
1064 3354 1182 3398 uno
1218 3336 1317 3397 die
1354 3336 1567 3398 lectam
1604 3336 1851 3398 herbam
1890 3334 2069 3397 simul
2104 3353 2241 3396 con·

397 3550 426 3597 1
465 3542 758 3598 rotundae.
884 3549 916 3597 5
954 3542 1238 3613 potuinae.
1369 3548 1433 3596 12
1471 3540 1718 3611 prodest..
1839 3543 1903 3593 15
1941 3538 2065 3592 loco
2130 3538 2241 3596 olio

215 3621 317 3669 lm
354 3613 482 3669 oleo
520 3619 638 3670 2m.
772 3619 835 3667 19
875 3614 1121 3670 ardisim.
1258 3619 1328 3668 25
1368 3611 1682 3679 collegitur.
1808 3614 1877 3664 26
1915 3626 2064 3664 reme
2110 3609 2241 3672 ἀτη.
