2575 4092
1140 225 1571 291 -34-

338 391 584 471 ligatum
633 398 693 451 et
740 390 922 469 capiti
967 388 1402 449 circumdatum
1451 387 1642 449 dolori
1693 390 1823 449 eius
1870 387 2097 448 mederi
2135 396 2366 448 constat

339 499 451 541 nec
498 481 697 540 minus
742 477 985 539 herbam
1026 477 1379 558 polygonon,
1428 495 1605 556 quam
1641 476 1874 538 rubiam
1914 495 2209 548 vocamuS,
2256 478 2365 537 cir-

229 583 300 632 45
341 569 675 633 cumdatam
731 569 913 647 capiti
967 566 1230 628 dolorem
1286 565 1499 626 tollere
1556 568 1788 645 experti
1832 584 2057 626 sumus,
2148 565 2365 626 Ramus

340 661 545 738 spinae
583 656 748 717 albae
787 655 1060 735 alligatus
1096 656 1278 733 capiti
1316 654 1639 715 efficaciter
1665 654 1956 734 medetur,
1990 656 2192 733 senapi
2222 672 2362 734 quo-

340 765 457 828 que
486 764 622 807 cum
652 754 787 806 ruta
816 752 876 806 et
905 762 1054 824 aqua
1093 745 1302 804 tritum
1342 751 1401 804 et
1438 743 1512 804 ad
1549 743 1740 804 mellis
1778 743 2235 804 crassitudinem
2274 761 2362 803 re·
2413 758 2441 800 ὅ

232 848 301 898 46
340 836 596 896 dactum.
662 834 892 894 Corona
931 851 1002 893 ex
1033 831 1215 893 herba
1243 832 1411 893 hiera
1439 832 1671 913 botane,
1703 850 1879 911 quam
1914 851 2022 892 nos
2051 831 2365 892 verbenam

232 938 302 986 47
341 925 613 1002 dicimus,
662 923 813 983 sacta
856 923 1155 1000 capitique
1193 922 1453 1000 inposita
1490 920 1725 982 dolores
1764 920 1935 982 tollit.
2010 920 2364 982 Cucurbitae

340 1013 546 1073 viridis
593 1020 859 1073 ramenta
901 1009 1151 1071 cerebro
1189 1011 1447 1089 inposita
1483 1009 1811 1071 infantibus
1851 1028 2106 1091 quoque,
2155 1011 2258 1089 qui
2292 1028 2364 1071 ex

342 1101 547 1162 dolore
622 1101 834 1178 capitis
907 1116 1189 1160 nauseam
1258 1100 1597 1179 patiuntur,
1672 1099 2032 1160 validissime
2095 1106 2363 1178 prosunt.

233 1202 303 1251 48
340 1189 539 1251 Herba
605 1198 872 1249 strumus
938 1189 1195 1248 contrita
1260 1195 1324 1248 et
1390 1205 1526 1248 cum
1592 1187 1723 1248 oleo
1786 1189 2078 1267 permixta
2150 1190 2366 1266 inposi-
2394 1206 2449 1246 10

341 1287 521 1358 taque
568 1276 939 1355 temporibus
986 1286 1046 1336 et
1091 1283 1217 1336 toto
1266 1278 1508 1355 corpori
1553 1295 1689 1337 cum
1735 1279 1867 1355 ipso
1914 1276 2044 1337 oleo
2079 1276 2367 1356 perducta

340 1364 775 1429 incredibiliter
812 1373 872 1425 et
909 1367 1120 1442 capitis
1159 1364 1425 1425 dolorem
1464 1364 1616 1425 tollit
1653 1373 1715 1426 et
1750 1366 2114 1444 languorem,
2152 1366 2207 1425 si
2235 1366 2367 1444 quis

233 1468 301 1517 49
341 1457 549 1535 fuerit,
596 1471 847 1533 corpore
897 1453 1158 1514 discutit.
1232 1453 1421 1514 Radix
1465 1457 1737 1533 cupressi
1784 1456 1982 1515 tenuis
2029 1456 2210 1533 capiti
2254 1455 2366 1514 cir-

234 1558 303 1607 50
340 1544 617 1607 cumdata
672 1543 939 1604 dolorem
996 1544 1127 1604 eius
1181 1541 1353 1603 levat.
1442 1541 1632 1604 Bacae
1678 1542 1831 1605 lauri
1875 1545 2072 1623 inpari
2116 1560 2367 1604 numero

341 1635 632 1696 contritae
689 1640 750 1693 et
805 1631 933 1692 oleo
990 1631 1221 1692 adiecto
1275 1631 1466 1692 calido
1524 1632 1707 1693 fronti
1760 1634 2050 1711 inpositae
2095 1639 2366 1710 prosunt.
2394 1647 2447 1688 ιε»

235 1735 300 1784 51
341 1722 552 1785 Oleum
590 1740 661 1782 ex
694 1738 847 1782 nuce
877 1720 1170 1801 iuglande,
1201 1738 1351 1799 quae
1379 1720 1790 1801 manducatur,
1828 1738 2176 1800 expressum
2211 1718 2371 1780 subi-

342 1820 469 1873 tum
531 1812 742 1890 capitis
797 1808 1090 1889 dolorem,
1156 1812 1207 1869 si
1263 1828 1333 1869 eo
1390 1809 1776 1888 perfricetur,
1840 1812 1991 1870 mire
2048 1810 2370 1888 conpescit.

234 1911 303 1961 52
341 1899 558 1961 Malum
598 1898 947 1979 cydoneum,
986 1896 1277 1976 palmulae
1309 1899 1590 1978 quinque,
1626 1900 1936 1979 papaveris
1966 1906 2146 1977 caput
2183 1915 2373 1958 unum

342 1989 580 2067 dempto
630 1989 854 2047 semine
918 2004 1110 2065 usque
1166 1985 1235 2046 ad
1296 1993 1578 2065 quattuor
1623 1987 1867 2067 cyathos
1912 2005 2049 2048 cum
2098 2005 2249 2066 aqua
2295 1986 2366 2046 ad

341 2079 551 2137 tertias
612 2075 925 2137 decoctum
982 2082 1044 2135 et
1099 2092 1237 2135 cum
1294 2074 1483 2135 mulsa
1536 2094 1685 2155 aqua
1732 2079 1899 2156 potui
1954 2076 2158 2137 datum
2204 2074 2372 2135 valde
2399 2090 2454 2131 so

234 2179 304 2227 53
340 2164 603 2245 prodest.
695 2163 860 2223 Folia
915 2163 1055 2223 mali
1107 2162 1320 2223 Punici
1374 2163 1694 2243 diligenter
1745 2166 2001 2225 contrita
2048 2173 2108 2224 et
2154 2163 2372 2226 deinde

341 2270 522 2314 sucus
564 2270 772 2313 eorum
819 2252 911 2312 vel
956 2254 1084 2330 ipsa
1123 2251 1251 2312 oleo
1291 2254 1583 2330 permixta
1620 2260 1897 2331 potenter
1934 2255 2111 2314 etiam
2148 2255 2371 2313 invete-

340 2351 503 2403 ratos
551 2340 787 2401 dolores
833 2347 1173 2420 persanant,
1221 2342 1273 2400 si
1320 2341 1457 2402 inde
1504 2341 1749 2403 adsidue
1797 2342 1963 2403 frons
2003 2349 2064 2403 et
2098 2350 2372 2422 tempora

233 2443 304 2493 54
340 2430 759 2511 perfricentur.
835 2428 981 2490 Cum
1027 2428 1278 2490 intrabis
1317 2429 1529 2490 urbem
1567 2430 1907 2512 quamlibet,
1957 2439 2093 2492 ante
2136 2438 2373 2512 portam

340 2519 598 2599 lapillos,
656 2520 760 2597 qui
804 2520 867 2579 in
914 2521 1004 2578 via
1051 2517 1357 2597 iacebunt,
1405 2526 1552 2597 quot
1596 2519 1855 2581 volueris
1902 2519 2114 2598 collige
2162 2519 2373 2580 dicens
2402 2533 2454 2576 25

340 2615 542 2668 tecum
588 2610 717 2687 ipse
765 2606 837 2667 ad
885 2609 1096 2686 capitis
1139 2606 1404 2668 dolorem
1450 2614 1510 2667 te
1558 2609 1884 2670 remedium
1924 2608 2152 2689 tollere,
2198 2616 2260 2669 et
2297 2626 2375 2668 ex

339 2696 435 2756 his
491 2714 678 2756 unum
735 2697 916 2774 capiti
970 2694 1234 2776 alligato,
1288 2702 1523 2756 ceteros
1578 2704 1713 2775 post
1767 2706 2005 2777 tergum
2059 2699 2210 2758 iacta
2256 2714 2375 2757 nec

234 2797 303 2846 55
342 2792 506 2849 retro
535 2786 785 2863 respice.
848 2782 1038 2865 Creta,
1070 2802 1219 2863 quae
1248 2783 1496 2845 Cimolia
1524 2785 1871 2867 appellatur,
1902 2794 2067 2846 cocta
2097 2804 2169 2845 ex
2198 2792 2373 2845 aceto

235 2886 304 2936 56
342 2874 527 2935 fronti
580 2875 833 2952 inposita
894 2880 1173 2951 potenter
1228 2872 1517 2934 medetur.
1613 2874 1711 2934 Sal
1771 2893 1909 2935 cum
1967 2883 2103 2935 ruta
2156 2876 2374 2934 tritum

344 2962 574 3023 adiecto
631 2961 805 3022 melle
861 2962 1046 3022 fronti
1108 2959 1347 3022 inlitum
1412 2963 1814 3024 certissimum
1868 2962 2200 3023 remedium
2260 2970 2374 3024 est.
2404 2977 2461 3019 so

240 3063 307 3112 57
345 3049 615 3130 Faecula,
663 3069 777 3129 qua
814 3050 1136 3111 infectores
1175 3058 1447 3132 utuntur,
1494 3053 1546 3111 si
1592 3052 1876 3131 spondam
1914 3051 2053 3112 lecti
2089 3053 2378 3133 priorem,

343 3157 461 3219 qua
515 3141 608 3199 vir
663 3138 872 3219 cubat,
918 3141 1274 3217 perunxeris
1330 3147 1391 3200 et
1445 3140 1708 3219 spondae
1761 3140 1957 3202 medio
2012 3139 2378 3221 inligaveriS,

235 3241 305 3290 58
345 3227 581 3289 dolores
638 3229 850 3306 capitis
897 3227 1269 3289 remediabis.
1362 3227 1451 3288 Ex
1498 3228 1702 3290 eadem
1749 3247 1928 3309 aqua,
1974 3229 2049 3290 de
2095 3247 2211 3308 qua
2259 3227 2378 3290 bos

343 3325 446 3380 aut
504 3319 707 3378 asinus
769 3315 1015 3399 biberit,
1060 3316 1387 3398 paululum
1423 3325 1729 3397 sumptum
1776 3326 1835 3379 et
1888 3325 2159 3397 potatum
2213 3316 2379 3379 tollit

482 3459 517 3506 4
553 3451 746 3522 senapi
783 3458 879 3506 zm
918 3451 1103 3521 sinapi
1135 3455 1252 3508 2m.
1387 3460 1419 3509 6
1457 3452 1744 3508 redactum
1780 3469 1881 3509 om.
2003 3452 2378 3522 gembotane.

339 3528 420 3650 12081
421 3521 698 3650 ἕέοωία.
825 3527 893 3578 29
921 3522 1200 3578 frontibus
1227 3522 1429 3593 posita.
1541 3530 1609 3579 32
1648 3522 2022 3594 peruncxeriS.
2133 3527 2203 3577 34
2230 3539 2379 3595 pau·
