2575 4092
1113 264 1190 275 —
1286 226 1596 293 374-

333 391 587 473 pedibus
634 392 912 471 adpones.
962 390 1124 452 Bene
1171 390 1314 452 facit
1359 398 1419 450 et
1460 388 1636 449 ibisci
1671 388 1838 449 radix
1877 406 1948 448 ex
1987 405 2140 465 aqua
2175 384 2370 446 mulsa

335 489 504 543 cocta
541 491 601 543 et
636 482 922 562 inposita3
971 479 1321 541 sambucum
1360 496 1599 558 quoque
1638 495 1774 539 cum
1812 477 2068 554 axungia
2103 483 2166 536 et
2202 473 2368 535 hras-

334 573 493 632 sicae
550 571 702 632 cinis
757 588 895 631 cum
952 571 1205 648 axungia
1257 568 1556 647 inpositus
1610 565 1932 645 plurimum
1989 567 2171 625 iuvat.
2255 562 2365 624 Ubi

335 668 532 720 autem
589 659 848 737 impetus
901 660 1247 736 cessaverit,
1306 663 1364 717 et
1411 657 1474 716 in
1520 655 1634 716 hoc
1682 663 1743 716 et
1791 656 1854 715 in
1901 656 2101 734 priore
2148 670 2368 731 genere

237 773 245 779 ·
333 748 628 827 podagrae
690 747 878 808 calida
934 765 1085 827 aqua
1140 747 1366 807 marina
1422 744 1526 805 diu
1573 743 1810 804 fovendi
1855 752 1997 804 sunt
2040 742 2228 821 pedes
2274 740 2367 802 vel
2392 760 2416 801 ε

227 1204 297 1254 46

236 1822 304 1872 47

236 2619 306 2668 48

227 3415 297 3464 49

335 837 390 896 si
425 836 571 897 haec
610 854 730 896 non
769 838 902 918 erit,
939 854 1090 915 aqua
1126 852 1277 915 pura
1319 834 1573 895 ferventi
1610 832 1731 894 sale
1760 832 1990 893 adiecto
2029 831 2367 911 foveantur3

332 933 471 1004 post
523 924 639 986 hoc
694 924 1041 1005 malagmate
1095 926 1181 985 uti
1227 930 1490 1004 oportet,
1548 922 1706 1002 quod
1754 921 1826 983 ad
1872 920 2174 1000 parotidas
2223 921 2369 980 scri-

332 1021 502 1093 ptum
549 1019 668 1094 est3
714 1012 867 1074 tollit
913 1015 1073 1074 enim
1120 1014 1239 1073 cito
1286 1010 1568 1091 reliquias
1614 1010 1909 1090 podagrae
1956 1028 2065 1088 per
2116 1008 2370 1069 sudores

334 1111 395 1163 et
449 1104 511 1162 in
569 1102 837 1163 futurum
889 1102 1200 1163 confirmat
1246 1117 1463 1161 nervos
1509 1118 1621 1160 nec
1666 1102 1890 1179 patitur
1937 1098 2106 1159 facile
2153 1099 2367 1157 vitiari.

515 1189 601 1250 Ad
649 1188 993 1251 utramlibet
1038 1189 1361 1269 podagram
1409 1188 1738 1250 remedium
1787 1191 1900 1249 sic:
1967 1185 2369 1266 Torpedinem
2394 1205 2442 1246 10

334 1280 525 1340 vivam
564 1280 812 1359 nigram,
861 1296 999 1340 cum
1036 1278 1415 1340 admonuerit
1451 1277 1637 1357 dolor,
1676 1276 1868 1338 subici
1902 1275 2159 1356 pedibus
2195 1292 2369 1354 opor·

335 1375 420 1429 tet
466 1369 530 1426 in
576 1366 751 1427 litore
801 1385 918 1428 non
966 1369 1145 1448 sicco,
1194 1367 1299 1427 sed
1347 1366 1505 1446 quod
1552 1365 1740 1427 adluit
1778 1383 1959 1445 mare,
2006 1373 2069 1425 et
2105 1373 2227 1425 tam
2269 1364 2371 1424 diu

332 1458 543 1538 premi,
590 1455 779 1517 donec
827 1458 1124 1518 sentiatur
1171 1464 1378 1535 torpor
1424 1473 1533 1535 per
1578 1462 1770 1516 totum
1813 1453 2026 1533 pedem
2065 1459 2126 1514 et
2162 1452 2371 1513 tibiam

332 1563 525 1625 usque
572 1543 644 1605 ad
693 1562 903 1623 genua.
974 1544 1101 1606 Hoc
1148 1551 1210 1605 et
1253 1546 1317 1605 in
1361 1545 1664 1624 praesenti
1708 1542 1866 1604 tollit
1902 1542 2168 1603 dolorem
2207 1549 2271 1602 et
2307 1543 2373 1601 in

333 1633 605 1694 futurum
673 1634 977 1695 remediat.
1061 1632 1188 1694 Hoc
1249 1631 1424 1693 modo
1479 1632 1734 1693 Anteros
1792 1631 2060 1693 Caesaris
2114 1630 2371 1691 libertus
2398 1648 2445 1689 ιε

335 1739 518 1802 supra
566 1720 743 1782 fidem
789 1723 1151 1783 remediatus
1198 1728 1307 1782 est.

521 1809 808 1889 Malagma
853 1809 1297 1872 Narcissianum
1353 1809 1426 1870 ad
1475 1818 1792 1889 utramque
1837 1809 2158 1888 podagram
2205 1826 2373 1886 egre-

342 1900 534 1979 gium:
564 1898 747 1959 Cerae
776 1899 973 1979 pondo
995 1898 1064 1980 11,
1093 1900 1326 1960 resinae
1354 1899 1552 1977 pondo
1570 1897 1636 1979 V,
1655 1897 1770 1960 olei
1792 1899 2012 1959 veteris
2030 1897 2228 1976 pondo
2249 1896 2298 1956 V
2315 1896 2373 1978 S,

342 1987 459 2047 olei
499 1987 726 2067 Syriaci
762 1987 959 2067 pondo
998 1987 1024 2047 1
1054 1987 1113 2067 S,
1160 1986 1489 2067 aphronitri
1528 1989 1591 2047 in
1628 1986 1880 2066 pastillis
1916 1986 2114 2066 pondo
2153 1985 2196 2066 1,
2243 2004 2370 2047 car-

342 2076 601 2138 damomi
645 2078 785 2155 puri
831 2077 1029 2157 pondo
1075 2094 1280 2157 unum,
1326 2078 1435 2137 iris
1476 2075 1740 2155 illyricae
1786 2074 1984 2156 pondo
2031 2094 2236 2155 unum,
2282 2076 2370 2153 pi·
2398 2092 2450 2133 so
2548 2061 2549 2068 ἵ

341 2164 509 2225 culae
556 2165 755 2244 pondo
804 2165 847 2244 1,
894 2167 1115 2244 agarici
1156 2165 1354 2245 pondo
1400 2163 1442 2244 1,
1490 2164 1865 2242 faenograeci
1908 2163 2106 2243 pondo
2142 2163 2187 2244 1,
2232 2182 2371 2224 cen-

340 2255 534 2313 taurei
573 2253 769 2332 pondo
800 2251 843 2333 1,
889 2253 1245 2332 Apollinaris
1273 2253 1472 2332 pondo
1500 2252 1544 2333 1,
1582 2252 1787 2314 alterci
1816 2253 2015 2331 pondo
2044 2252 2087 2314 1.
2133 2251 2370 2331 Coques

339 2340 649 2421 liquanda3
697 2359 848 2420 quae
896 2352 1035 2404 sunt
1074 2342 1396 2422 tundenda,
1441 2344 1503 2402 in
1538 2342 1851 2421 pulverem
1881 2342 2118 2403 redacta
2157 2342 2370 2402 misce·-

339 2429 433 2489 his
481 2436 658 2509 atque
706 2447 778 2489 ex
824 2429 919 2491 his
965 2429 1232 2510 pastillos
1276 2431 1458 2492 facies
1497 2439 1558 2491 et
1595 2432 1654 2491 in
1695 2449 1869 2511 capsa
1908 2449 2058 2491 nova
2094 2447 2371 2511 reponeS,

342 2517 559 2598 quibus
605 2517 817 2579 diebus
864 2520 1072 2599 viginti
1117 2522 1339 2598 iugiter
1384 2521 1589 2582 uteris,
2398 2537 2448 2577 2⁵

522 2605 834 2688 Malagma,
890 2609 1050 2687 quod
1108 2616 1166 2669 et
1221 2608 1293 2668 ad
1351 2607 1671 2689 podagram
1725 2616 1785 2668 et
1838 2608 1910 2668 ad
1967 2625 2201 2668 omnem
2252 2605 2372 2668 col·

342 2694 659 2756 lectionem
715 2696 867 2757 hene
922 2697 1087 2778 facit,
1144 2699 1362 2776 accipit
1404 2696 1578 2758 haec:
1642 2697 2010 2758 Ammoniaci
2052 2698 2261 2756 uncias
2306 2694 2372 2776 V,

344 2783 580 2863 galbani
633 2786 842 2845 uncias
889 2784 968 2866 Π,
1024 2788 1175 2866 picis
1230 2786 1414 2846 durae
1461 2785 1658 2864 pondo
1694 2784 1770 2867 V,
1823 2788 2057 2846 resinae
2109 2783 2371 2846 terebin-

342 2872 546 2934 thinae
593 2872 655 2935 P.
693 2873 772 2954 ΙΙ,
820 2873 937 2934 olei
981 2876 1200 2935 veteris
1245 2872 1309 2934 P.
1348 2873 1374 2933 1
1413 2873 1481 2955 S,
1526 2876 1815 2953 axungiae
1861 2881 2126 2936 vetustae
2172 2872 2234 2934 P.
2273 2872 2372 2954 111,

341 2979 513 3022 cerae
571 2960 634 3022 P.
682 2961 755 3042 V,
812 2962 1118 3042 sulphuris
1166 2964 1282 3023 vivi
1337 2963 1534 3041 pondo
1579 2962 1643 3023 V.
1731 2961 1890 3024 Haec
1938 2964 2139 3040 ‚omnia
2197 2962 2371 3023 deco·
2398 2980 2448 3021 so

340 3066 489 3128 ques
536 3051 599 3109 in
645 3050 860 3129 patella
899 3051 1067 3112 fictili
1106 3051 1196 3112 vel
1232 3051 1486 3112 caccabo
1524 3051 1834 3133 ampliore3
1881 3051 2133 3130 sulphur
2171 3059 2371 3112 tamen

338 3147 400 3199 et
457 3140 889 3200 ammoniacum
954 3147 1123 3201 extra
1177 3148 1339 3201 teres
1395 3148 1455 3200 et
1510 3142 1596 3201 sic
1651 3140 2021 3221 inmiscebiS,
2077 3158 2215 3201 cum
2272 3139 2370 3200 de-

339 3244 603 3306 coquere
651 3229 951 3309 coeperis,
999 3228 1105 3289 sed
1152 3228 1402 3306 agitabis
1447 3230 1766 3309 instanter,
1825 3248 1902 3290 ne
1949 3228 2261 3290 subsidant
2306 3231 2371 3290 in

343 3316 546 3395 fundo,
596 3334 746 3395 quae
794 3319 858 3377 in
906 3316 1212 3396 pulverem
1258 3317 1496 3378 redacta
1544 3319 1882 3391 mittuntur.

515 3404 822 3466 Confectio
878 3406 1314 3487 medicaminiS,
1370 3406 1528 3485 quod
1585 3405 1919 3486 appellatur
1967 3405 2171 3488 hygia,
2228 3406 2369 3468 facit
2393 3421 2441 3464 ³5

520 3597 585 3644 16
623 3607 790 3660 supra
826 3592 1017 3663 fidem]
1059 3609 1228 3664 supra.
1263 3594 1608 3651 hereditates
1643 3593 1895 3653 Scribon.

2514 2 2533 182 l

2536 771 2539 896 1
