2575 4092
1006 200 1482 265 —353—

404 361 552 422 Cum
590 379 811 441 porcus
846 353 1229 443 iugulabitur,
1279 364 1330 423 is
1387 364 1491 441 qui
1525 380 1806 424 verrucas
1842 362 2084 424 habebit
2122 382 2251 425 san·
2291 377 2361 427 59

222 453 463 530 guinem
522 452 652 511 eius
708 449 976 511 subiecta
1033 468 1100 510 ea
1162 453 1435 530 corporis
1495 458 1665 530 parte
1730 454 2041 532 suscipiat,
2106 452 2248 514 dum

221 540 415 601 adhuc
464 537 691 600 calidus
729 538 910 619 exilit,
958 546 1019 599 et
1063 557 1199 600 mox
1247 538 1354 600 ubi
1401 541 1728 621 siccaverit,
1776 542 1973 602 statim
2021 539 2247 621 abluat3

222 631 411 690 citum
475 627 805 689 remedium
871 630 1229 705 experietur.
1321 627 1535 689 Mulier
1594 647 1734 690 sane
1789 629 2117 690 remedium
2173 629 2246 690 de

162 731 191 772 6
220 718 453 778 scrofae
501 718 788 795 sanguine
834 715 1026 776 faciat.

403 805 649 867 Stercus
703 804 1107 866 columbinum
1168 803 1258 865 vel
1315 804 1505 866 solum
1561 804 1652 865 vel
1698 823 1834 866 cum
1881 824 1990 866 ovo
2036 808 2244 868 tritum
2285 818 2354 868 6ο

219 894 561 956 dolentibus
609 892 877 954 articulis
923 892 1160 954 inlitum
1196 892 1460 973 prodest.
1533 893 1692 954 Felle
1730 896 1936 955 ursino
1974 895 2246 973 perfricti
2283 907 2350 956 61

218 983 461 1044 articuli
505 980 709 1043 dolore
755 981 1194 1044 relevabuntur.

397 1070 476 1131 Ut
520 1071 740 1150 frigora
786 1080 847 1132 et
890 1073 1135 1149 pruinas
1181 1069 1352 1131 facile
1401 1073 1733 1131 sustineant
1770 1089 1880 1131 nec
1917 1071 2246 1133 adurantur
2282 1083 2351 1132 62

134 1176 188 1215 10
217 1159 484 1240 articuli,
540 1168 735 1220 terrae
789 1159 941 1220 malo
998 1167 1247 1220 contuso
1296 1177 1434 1220 cum
1479 1162 1731 1238 axungia
1776 1167 1978 1221 vetere
2025 1178 2243 1239 perun-

215 1255 494 1327 guantur.
560 1247 830 1326 Pampini
870 1249 1077 1308 vitium
1115 1248 1244 1308 triti
1281 1247 1537 1309 admixta
1589 1247 1890 1309 hordiacia
1927 1248 2114 1309 farina
2151 1267 2242 1309 ar·
2281 1260 2350 1311 63

215 1337 540 1401 ticulorum
586 1336 811 1397 morbis
858 1336 1192 1396 medentur.
1263 1336 1611 1398 Acrifolium
1658 1355 1793 1397 cum
1839 1344 1974 1397 ture
2022 1344 2083 1397 et
2121 1336 2241 1397 sale
2280 1349 2350 1399 64

216 1433 280 1486 et
316 1425 446 1486 oleo
485 1424 795 1487 subactum
833 1426 1278 1504 inpositumque
1317 1425 1591 1486 medetur
1618 1424 1900 1485 articulis.
1963 1423 2242 1486 Incussos
2280 1437 2349 1488 65

215 1513 502 1575 articulos
557 1531 903 1575 aranearum
955 1513 1106 1574 telae
1153 1531 1291 1574 cum
1339 1512 1469 1574 oleo
1513 1514 1804 1592 inpositae
1852 1512 2240 1578 saluberrime

132 1617 187 1659 15
218 1611 444 1663 sanant.
510 1602 815 1664 Fracturis
851 1601 1238 1663 articulorum
1276 1603 1430 1662 cinis
1467 1620 1541 1661 ex
1577 1600 1905 1663 femoribus
1941 1601 2237 1680 pecudum
2278 1616 2347 1665 66

216 1692 409 1753 factus
455 1699 516 1752 et
561 1709 699 1752 cum
745 1709 880 1752 cera
927 1692 1149 1750 mixtus
1195 1691 1345 1750 mire
1392 1689 1681 1751 medetur.

393 1779 679 1841 Invictam
729 1781 1032 1859 potionem
1079 1778 1150 1839 ad
1200 1780 1476 1839 sciaticos
1533 1787 1593 1839 et
1637 1778 1978 1839 arthriticos
2023 1779 2240 1840 facien·
2278 1792 2346 1842 67

214 1878 338 1929 tem
384 1871 446 1928 in
492 1868 665 1929 titulo
712 1870 1022 1947 superiore
1070 1867 1142 1927 de
1190 1869 1450 1928 sciaticis
1488 1867 1830 1945 plenissime
1869 1869 2238 1947 scripsimuS,

213 1957 321 2018 sed
369 1959 647 2036 quoniam
695 1964 814 2017 tam
860 1956 1094 2017 divinus
1141 1956 1270 2015 eius
1319 1956 1565 2016 effectus
1611 1963 1722 2035 est,
1766 1956 2092 2015 iterandam
2133 1974 2239 2034 pu-

130 2062 190 2103 20
217 2047 354 2126 tavi,
394 2064 468 2105 ne
499 2048 633 2125 quis
670 2045 994 2106 arthriticis
1024 2044 1284 2105 remedia
1316 2047 1628 2122 requirens
1657 2043 1834 2104 buius
1870 2046 2240 2122 ignoratione

214 2134 467 2195 fallatur.
514 2133 718 2195 Fimus
765 2151 907 2212 ergo
955 2132 1127 2194 ibicis
1171 2136 1231 2192 in
1274 2132 1417 2193 silva
1458 2132 1550 2193 vel
1584 2135 1648 2193 in
1684 2126 1899 2193 monte
1924 2131 2237 2213 colligitur,

214 2226 269 2285 si
315 2224 447 2284 fieri
490 2230 689 2302 potest
734 2221 872 2282 luna
910 2220 1091 2302 xvn3
1139 2222 1232 2281 sin
1279 2239 1378 2282 res
1423 2221 1680 2302 urgebit,
1727 2239 2104 2300 quocumque
2142 2220 2238 2282 die

213 2311 541 2392 colligitur3
606 2329 747 2371 sane
807 2309 963 2371 XVII
1024 2310 1162 2372 luna
1228 2310 1725 2372 medicamentum
1789 2311 1920 2371 fieri
1984 2317 2237 2390 oportet,
2326 2387 2329 2390 Ι

214 2401 373 2479 quod
421 2402 507 2461 sic
554 2400 761 2460 facies:
826 2398 1059 2459 Fimum
1111 2400 1259 2478 eiuS,
1307 2407 1594 2477 quantum
1639 2415 1840 2479 pugno
1888 2398 2064 2479 pleno
2111 2397 2238 2459 tolli

126 2504 186 2546 25
215 2490 453 2569 poterit,
493 2487 809 2549 dummodo
847 2486 1063 2566 pilulae
1101 2489 1298 2565 inpari
1332 2505 1582 2548 numero
1622 2490 1759 2569 sint,
1795 2495 2072 2547 conteres
2099 2486 2237 2548 vali-

214 2578 457 2638 dissime
513 2577 583 2638 ad
642 2594 931 2636 summam
984 2575 1310 2656 levitatem,
1375 2584 1502 2636 tum
1567 2577 1790 2655 piperis
1844 2592 2026 2654 grana
2081 2573 2238 2635 XXV

212 2666 394 2727 addes
450 2674 512 2726 et
563 2664 755 2726 mellis
809 2664 1106 2725 heminam
1151 2671 1212 2724 et
1258 2663 1361 2724 diu
1406 2670 1593 2744 teres;
1650 2663 1864 2724 dehinc
1913 2664 2031 2724 vini
2077 2671 2235 2724 vete·

211 2757 297 2816 ris
333 2754 556 2815 adicies
593 2751 656 2815 6*
694 2752 802 2813 1111
840 2760 901 2813 et
937 2752 1163 2813 conditi
1197 2770 1365 2813 more
1405 2751 1681 2812 miscebis
1719 2753 2051 2832 potionem3
2094 2769 2236 2811 sane

214 2846 317 2923 qui
371 2850 730 2922 accepturus
784 2849 877 2902 est
931 2860 1002 2901 ex
1048 2841 1142 2901 die
1191 2840 1346 2901 lovis
1393 2840 1604 2901 diebus
1650 2838 1753 2899 Vll
1798 2839 2098 2901 continuis
2144 2857 2238 2899 ac-

123 2949 183 2989 so
212 2934 418 3013 cipiat3
475 2933 708 2992 etiamsi
752 2929 1028 2991 omnibus
1074 2946 1321 2990 ossuum
1369 2928 1816 3008 compaginibus
1863 2927 2130 2989 adfectus
2177 2935 2238 2988 et

210 3028 555 3082 contractus
601 3018 847 3099 iacebit,
902 3021 1059 3079 intra
1115 3017 1240 3077 dies
1288 3016 1391 3077 Vll
1437 3018 1516 3077 ita
1564 3017 1896 3099 sanabitur,
1952 3024 2021 3078 ut
2066 3033 2236 3077 num-

212 3127 388 3189 quam
433 3108 677 3188 paribus
724 3106 1029 3168 doloribus
1074 3105 1410 3185 inplicetur.

388 3196 823 3276 condylomatis
877 3195 1264 3256 articulorum
1321 3201 1382 3254 et
1430 3211 1750 3255 nervorum
1799 3192 2020 3255 sertula
2067 3191 2232 3254 Cam·
2272 3204 2340 3254 68

389 3356 422 3405 3
460 3350 559 3404 ubi
596 3366 696 3404 om.
886 3354 918 3404 6
957 3348 1093 3402 εοΙο.
1286 3353 1316 3402 7
1355 3346 1434 3400 fel
1470 3346 1738 3400 ursinum.
1919 3351 1951 3399 9
1989 3346 2232 3415 proinas.
2274 3341 2278 3346 ’

213 3428 277 3477 17
319 3422 632 3489 sceadicos,
678 3422 804 3475 item
854 3423 938 3473 18.
1078 3424 1144 3474 18
1182 3418 1251 3471 de
1288 3434 1391 3473 om.
1553 3422 1617 3470 19
1655 3417 1863 3484 potavi.
2012 3422 2080 3470 21
2121 3415 2234 3469 col-

208 3493 439 3560 legitur,
474 3493 602 3546 item
638 3497 723 3546 23.
833 3497 901 3545 23
938 3489 1085 3561 fieri]
1123 3489 1247 3545 feci.
1338 3494 1408 3543 25
1444 3483 1814 3542 valedissime.
1907 3492 1977 3540 30
2007 3503 2235 3541 ossuum

210 3565 358 3633 (πῶς
394 3562 604 3619 ossium
636 3562 953 3617 Gornarius.
1100 3566 1167 3616 33
1199 3558 1596 3614 condilimatis.
1744 3556 2006 3625 sei-pulla..

317 3661 495 3702 Mane:-
502 3670 640 3712 nnus,
667 3670 745 3701 m).
773 3661 1085 3701 Hzmnutcn.
1845 3649 1912 3696 23
