2575 4092
1006 254 1484 320 —251—

406 419 591 479 Radix
643 419 910 496 asparagi
956 419 1098 478 trita
1145 428 1206 478 et
1251 436 1323 478 ex
1365 421 1498 480 vino
1537 422 1703 498 potui
1742 421 1874 481 data
1913 420 2251 483 lumborum
2292 435 2361 485 26

227 518 290 569 et
328 525 610 569 coxarum
648 505 838 565 dolori
876 507 1025 566 mire
1063 507 1353 569 medetur.
1414 507 1623 568 Nuclei
1660 509 2095 588 amygdalarum
2127 513 2256 572 triti
2294 524 2362 575 27

228 616 301 658 ex
358 605 526 658 aceto
582 597 708 674 poti
762 593 982 655 lumbis
1035 596 1370 657 medentur.
1453 596 1832 658 Nasturcium
1879 617 2017 659 cum
2065 599 2254 661 farina
2292 612 2360 663 28

225 687 588 766 permixtum
635 692 695 744 et
741 702 814 743 ex
860 693 1028 745 aceto
1075 683 1264 745 calido
1312 683 1531 746 lumbis
1576 686 1876 767 medetur,
1931 688 1984 747 si
2028 689 2253 768 inposi-

170 790 198 832 5
226 785 356 836 tum
414 774 613 834 fuerit.
698 771 949 832 Gladioli
1003 772 1171 833 radix
1228 783 1477 834 contusa
1535 792 1670 835 cum
1722 773 1967 853 sulpure
2015 778 2144 837 vivo
2192 787 2252 840 et
2289 790 2358 840 29

224 864 398 943 adipe
446 863 651 923 ursina
698 860 918 921 lumbis
963 863 1219 941 inposita
1263 861 1587 941 plurimum
1632 863 1894 941 prodest.

404 950 755 1011 Remedium
795 951 1135 1011 coxendicis
1171 952 1390 1011 mirum
1420 951 1493 1011 de
1524 953 1932 1030 experimento
1971 955 2083 1015 sic:
2126 953 2252 1014 Mu·
2290 968 2359 1017 30

225 1040 471 1101 scerdae
510 1057 720 1099 novem
758 1041 934 1099 tritae
973 1057 1045 1099 ex
1081 1041 1204 1100 vini
1243 1042 1547 1118 quartario
1591 1058 1773 1119 super
1815 1041 2123 1103 scabillum
2162 1042 2253 1103 vel

225 1128 430 1189 sellam
476 1127 768 1188 laboranti
813 1129 981 1206 potui
1029 1127 1263 1207 dantur,
1308 1130 1390 1189 ita
1429 1138 1494 1189 ut
1531 1129 1681 1208 pede
1718 1147 1839 1190 uno
1878 1148 2055 1209 quem
2094 1131 2255 1193 dolet

142 1235 198 1276 ιο
226 1228 390 1278 stans
445 1217 516 1277 ad
574 1218 864 1276 orientem
912 1234 1121 1277 versus
1167 1220 1468 1295 potionem
1512 1217 1678 1278 bibat
1723 1227 1783 1280 et
1830 1237 1967 1279 cum
2015 1219 2251 1293 biberit,

225 1306 380 1366 saltu
441 1304 675 1366 desiliat
730 1313 791 1365 et
845 1312 939 1365 ter
997 1322 1115 1364 uno
1171 1306 1323 1384 pede
1381 1306 1549 1366 saliat
1603 1316 1780 1386 atque
1831 1307 1944 1369 hoc
1990 1326 2100 1388 per
2147 1311 2250 1370 tri-

223 1396 410 1456 duum
456 1395 649 1474 faciat,
695 1393 1007 1453 confestim
1054 1394 1319 1454 remedio
1365 1393 1775 1473 gratulabitur.

403 1482 683 1560 Malagma
742 1483 1000 1542 sciaticis
1055 1483 1274 1543 mirum
1334 1485 1448 1543 sic:
1522 1482 1783 1544 Storacis
1834 1517 1908 1527 --
1963 1484 2043 1564 11,
2099 1487 2250 1563 picis
2287 1497 2352 1547 31

221 1571 285 1631 P.
325 1570 395 1649 ΙΙ,
442 1589 613 1632 cerae
660 1570 724 1630 P.
762 1570 805 1650 1,
851 1577 1054 1648 guttae
1101 1574 1503 1631 ammoniacae
1555 1604 1628 1615 —
1673 1570 1766 1651 Vl,
1817 1574 2051 1633 resinae
2097 1581 2251 1633 tere·

140 1678 195 1720 15
223 1659 532 1720 binthinae
577 1692 651 1702 —
686 1658 778 1735 vl,
816 1657 1051 1737 galbani
1093 1691 1170 1702 —
1204 1657 1274 1740 11,
1312 1677 1560 1719 mannae
1598 1661 1752 1720 turis
1782 1694 1863 1702 —
1895 1660 1964 1720 11.
2040 1660 2247 1722 Omnia

224 1766 378 1827 quae
414 1747 718 1808 tundenda
756 1757 896 1807 sunt
934 1749 995 1807 in
1032 1747 1341 1826 pulverem
1377 1747 1611 1826 rediges
1648 1758 1709 1808 et
1746 1749 2101 1810 admiscebis
2137 1749 2248 1831 his,

223 1855 376 1915 quae
422 1838 546 1914 igni
591 1836 945 1896 remittenda
995 1847 1153 1916 sunt,
1201 1844 1261 1897 et
1308 1836 1567 1915 desuper
1604 1840 1756 1898 aceti
1796 1849 2084 1917 quantum
2128 1839 2247 1900 suf-

220 1926 384 1985 ficiat
427 1925 886 2004 medicamento,
933 1925 1072 1985 dum
1122 1927 1494 2006 excoquitur,
1542 1927 1759 2006 mitte3‚
1807 1934 1867 1986 et
1913 1944 2049 1988 cum
2097 1945 2246 2007 opus

219 2014 420 2093 fuerit,
466 2013 654 2074 calido
702 2015 907 2074 uteris,
1579 2073 1584 2078 .

132 2124 189 2163 20
397 2102 486 2163 Ad
541 2105 801 2163 nesciam
848 2102 1180 2163 remedium
1226 2103 1514 2164 dictatum
1562 2120 1594 2161 a
1642 2102 1805 2163 Iusto
1852 2103 2083 2163 medico
2132 2106 2245 2165 sic:
2282 2114 2351 2165 32

215 2191 478 2252 Herbam
525 2193 909 2270 argimoniam
958 2200 1018 2251 et
1062 2191 1309 2251 herbam
1354 2192 1669 2252 verbenam
1722 2201 1782 2251 et
1818 2192 2141 2270 lapathium
2184 2202 2245 2253 et

217 2280 540 2359 bugillonis
577 2281 838 2341 radicem
876 2282 1080 2359 aequis
1118 2280 1496 2358 portionibus
1528 2280 1619 2341 vel
1647 2280 2014 2359 ponderibus
2045 2283 2243 2342 mittes

216 2372 280 2429 in
327 2368 507 2448 pilam
552 2377 614 2430 et
649 2368 865 2430 tundes
903 2377 965 2429 et
1001 2387 1138 2428 cum
1175 2377 1387 2430 tunsae
1426 2369 1575 2430 bene
1619 2370 1859 2449 fuerint,
1905 2370 2086 2430 addes
2124 2372 2244 2430 vini

218 2458 456 2518 candidi
509 2456 571 2518 8
612 2457 689 2518 ΙΙΙ
747 2464 807 2517 et
862 2456 1136 2517 manibus
1192 2457 1443 2536 agitabis
1494 2477 1629 2518 cum
1678 2460 1805 2537 ipso
1853 2459 1989 2517 vino
2036 2458 2242 2519 diutis-

132 2565 189 2606 25
219 2549 388 2626 sime,
433 2554 636 2625 postea
686 2547 883 2606 omnia
929 2547 1131 2606 mittes
1175 2547 1238 2605 in
1281 2545 1529 2605 linteum
1569 2548 1827 2625 spissum
1865 2556 1925 2606 et
1964 2564 2241 2624 expressa

218 2634 444 2696 colabis
489 2642 666 2714 atque
713 2633 825 2714 his,
873 2652 1020 2712 quae
1068 2633 1256 2694 colata
1304 2634 1544 2715 fuerint,
1591 2633 1851 2712 desuper
1897 2634 2078 2694 addes
2125 2636 2243 2694 vini

218 2722 650 2803 aliquantulum
697 2731 759 2783 et
794 2724 1018 2802 piperis
1055 2739 1236 2800 grana
1274 2724 1517 2800 triginta
1555 2726 1720 2803 trita3
1757 2722 2136 2801 postmodum
2173 2742 2244 2783 ex

218 2815 333 2873 hoc
378 2813 768 2873 medicamine
817 2813 1184 2890 quartarium
1228 2810 1578 2871 calefactum
1616 2812 1814 2871 ieiuno
1854 2810 2146 2871 laboranti
2182 2813 2243 2871 in

217 2900 448 2981 balneo,
494 2901 637 2961 dum
681 2902 744 2960 in
791 2899 938 2960 solio
985 2907 1095 2980 est,
1140 2918 1249 2977 per
1296 2899 1563 2960 triduum
1610 2899 1778 2960 dabis
1823 2899 2165 2960 bibendum.

132 3009 189 3049 ao
397 2990 483 3066 Ad
523 2991 784 3050 nesciam
822 2987 1134 3068 physicum
1170 2988 1529 3048 remedium:
1568 2987 1911 3049 Testudinis
1939 2990 2243 3067 aquaticae
2282 3000 2350 3049 33

218 3096 359 3139 crus
416 3079 691 3157 praecide
748 3085 808 3137 et
863 3077 1177 3156 phoenicio
1234 3076 1563 3137 involutum
1621 3094 1693 3137 ex
1749 3095 1816 3137 ea
1874 3085 2070 3156 parte,
2128 3097 2242 3158 qua

219 3169 355 3246 quis
402 3168 662 3227 nesciam
709 3167 951 3246 patitur,
997 3164 1245 3244 adpone,
1291 3174 1567 3243 potenter
1612 3165 2053 3227 remediabitur.

399 3254 497 3315 Git
543 3262 828 3332 quantum
876 3253 1072 3314 tribus
1119 3253 1321 3332 digitis
1367 3253 1495 3314 tolli
1542 3263 1738 3332 potest
1784 3264 2087 3332 sumptum
2140 3257 2242 3314 tri·
2281 3264 2351 3314 34

217 3354 466 3422 tumque
523 3352 583 3403 et
637 3346 796 3421 passi
850 3342 1079 3421 cyathis
1124 3342 1359 3403 duobus
1406 3361 1714 3422 aspersum
1763 3343 2010 3403 adiectis
2057 3360 2243 3421 aquae

398 3484 430 3532 2
470 3477 892 3547 amigdalarum.
992 3483 1026 3531 3
1064 3477 1228 3531 aceti.
1338 3484 1374 3531 4
1408 3478 1718 3532 medentur.
1829 3482 1860 3531 7
1898 3476 2243 3531 muscardae.

221 3555 286 3603 12
325 3549 653 3603 remedium.
827 3554 890 3603 13
930 3546 1207 3605 sceaticis.
1382 3547 1674 3602 storachiS.
1840 3552 1906 3600 21
1945 3545 2244 3616 lapacium.

218 3626 289 3675 30
325 3619 608 3690 phynicio.
755 3625 823 3673 34
860 3619 1132 3675 adiectae.
