2575 4092
992 238 1471 303 -75-

206 399 439 460 adsidue
496 399 704 461 inlitus
773 401 959 461 aciem
1021 399 1333 462 oculorum
1389 400 1639 481 caligine
1703 409 2020 464 extenuata
2084 421 2221 463 con-

204 488 404 549 firmat.
467 488 832 550 Scarabaeus
870 489 1086 550 coloris
1125 489 1487 568 smaragdini
1512 487 1743 552 tantum
1773 490 2050 552 beneficii
2076 504 2331 554 ocu-100

202 575 271 636 lis
320 585 626 656 praestare
681 577 928 658 dicitur,
982 586 1050 640 ut
1108 580 1394 639 visionem
1448 581 1505 640 ei
1551 580 1951 641 acutissimam
1997 579 2223 661 reddat,

204 668 299 744 qui
343 685 479 727 eum
536 666 970 746 contemplatus
1027 668 1210 728 fuerit
1262 667 1526 729 adsidue.
1619 666 1861 730 Cocleas
1910 669 2215 730 Africanas
2232 680 2327 731 101

155 772 179 811 ⁵
202 772 360 815 veras
415 774 601 835 super
656 757 907 835 spissam
963 756 1308 818 craticulam
1364 755 1683 836 dispositas
1736 758 1942 837 ponito
1989 766 2049 818 et
2094 775 2226 819 car-

200 842 375 903 bones
421 862 594 906 acres
640 843 887 906 adsidue
934 847 1263 927 suggerito,
1310 853 1380 906 ut
1425 845 1751 925 aequaliter
1797 845 2224 926 conburantur‚
2300 857 2305 862 ’

202 931 403 994 deinde
457 935 747 995 mortario
804 935 1009 1016 terito,
1067 941 1138 996 ut
1191 935 1611 995 tenuissimum
1658 953 1730 995 ex
1775 934 1871 996 his
1917 935 2223 1015 pulverem

199 1020 367 1082 facias
375 1070 394 1102 ,
449 1023 800 1102 adiectaque
846 1022 1038 1084 mellis
1084 1023 1268 1084 Attici
1313 1022 1505 1103 cotyla
1551 1041 1671 1084 una
1726 1025 1947 1085 iterum
1992 1023 2223 1086 validis-

199 1110 336 1170 sime
401 1114 583 1173 terito
649 1119 710 1172 et
774 1111 1153 1191 postmodum
1217 1113 1278 1172 in
1345 1112 1584 1174 vasculo
1649 1112 1817 1174 fictili
1880 1130 2103 1192 repone
2162 1120 2224 1175 et

35 1189 38 1228 ²
128 1215 172 1254 10
198 1201 352 1276 signa
390 1208 450 1261 et
487 1219 629 1261 cum
659 1200 837 1261 alicui
873 1199 1103 1261 mederi
1130 1200 1309 1281 voleS,
1349 1200 1592 1282 specillo
1631 1201 1768 1262 inde
1807 1219 1945 1263 eum
1983 1204 2223 1283 inunge,

34 1291 36 1300 ⁴
195 1287 339 1348 intra
384 1307 614 1368 paucos
653 1288 779 1349 dies
817 1291 1106 1369 integram
1146 1292 1333 1351 aciem
1371 1292 1500 1351 eius
1536 1289 1875 1370 claramque
1912 1293 2212 1353 restitues,

196 1374 282 1435 Fit
318 1396 387 1437 ex
428 1380 632 1458 vipera
672 1376 983 1458 collyrium
1021 1378 1093 1438 ad
1128 1378 1409 1457 caligines
1448 1379 1760 1440 oculorum
1797 1378 2328 1460 adaperiendaslo2

196 1462 714 1546 discutiendamque
761 1467 1095 1527 mirificum.
1162 1466 1664 1547 Comprehensam
1710 1470 1894 1547 igitur
1940 1470 2222 1530 occisam·

197 1570 301 1631 que
347 1557 616 1634 viperam
654 1558 715 1616 in
752 1574 890 1617 vaso
929 1554 1097 1616 fictili
1133 1574 1391 1635 repones
1428 1574 1677 1635 eamque
1714 1555 1835 1617 illic
1872 1565 2221 1636 putrescere

128 1658 171 1699 1⁵
192 1645 513 1727 permitteS,
562 1644 753 1705 donec
801 1662 873 1704 ex
919 1662 987 1705 ea
1034 1644 1346 1706 vermiculi
1391 1652 1738 1725 nascantur3
1784 1644 1896 1705 hos
1943 1645 2125 1724 eliges
2164 1654 2224 1706 et

194 1742 458 1794 conteres
515 1742 580 1794 et
637 1733 857 1793 adicies
914 1733 1009 1793 his
1064 1735 1226 1794 croci
1279 1731 1588 1813 paululum
1663 1741 1724 1794 et
1779 1735 1996 1794 iterum
2062 1742 2221 1795 teres

193 1827 360 1899 atque
406 1821 550 1883 inde
591 1820 831 1900 collyria
870 1822 1049 1882 facies
1087 1830 1148 1883 et
1185 1823 1272 1883 sic
1311 1841 1448 1883 cum
1487 1820 1660 1882 melle
1696 1822 1892 1883 Attico
1931 1831 2034 1883 aut
2070 1822 2222 1883 lacte

193 1909 457 1971 muliebri
523 1909 716 1972 oculis
771 1912 1056 1991 inunges3
1122 1910 1279 1971 idem
1336 1918 1601 1990 praestat
1655 1919 1717 1972 et
1771 1911 1924 1971 cinis
1984 1913 2220 1990 viperae

195 1998 537 2082 conbustae,
598 2001 755 2059 sicut
809 2016 990 2077 supra
1045 2001 1338 2077 scriptum
1393 2007 1510 2081 est,
1567 1999 1672 2060 sed
1727 2017 1864 2060 cum
1921 1999 2014 2060 his
2071 2018 2220 2079 quae

123 2084 281 2147 sohic
325 2087 558 2150 adiecta
607 2095 747 2148 sunt
792 2095 1176 2167 temperatus,
1257 2087 1451 2149 Salem
1499 2105 1677 2168 quam
1725 2088 2210 2150 candidissimum
2226 2102 2326 2151 103

191 2176 416 2238 ieiunus
475 2180 533 2238 si
588 2176 807 2237 cotidie
854 2178 1185 2254 gustaveris
1193 2224 1210 2257 ,
1267 2194 1502 2237 omnem
1550 2176 1858 2238 oculorum
1907 2176 2221 2257 caliginem

191 2266 300 2325 cito
355 2265 728 2328 extenuabis.
821 2263 925 2325 Fel
980 2267 1254 2325 ursinum
1311 2273 1488 2344 atque
1538 2264 1800 2346 hyaenae
1847 2285 1986 2327 cum
2038 2266 2210 2327 melle
2225 2279 2328 2330 104

192 2356 405 2431 optimo
453 2356 712 2416 mixtum
759 2361 819 2414 et
866 2353 967 2414 diu
1015 2355 1375 2432 coagitatum
1421 2352 1704 2432 caligines
1750 2357 1972 2435 eximit,
2025 2358 2076 2415 si
2121 2348 2221 2415 ad-

192 2442 352 2504 sidue
407 2443 553 2505 inde
610 2442 766 2504 oculi
823 2441 1241 2503 suffundantur
1288 2450 1390 2502 aut
1437 2443 1901 2521 superlinantur.
1991 2442 2210 2522 Adipes
2227 2455 2328 2505 105

122 2545 169 2587 ss
194 2534 449 2593 omnium
501 2531 828 2592 fluvialium
872 2533 1126 2609 piscium
1170 2532 1230 2591 in
1271 2529 1396 2591 sole
1433 2530 1783 2610 liquefactae
1820 2532 2220 2610 adiunctoque

193 2619 356 2681 melle
400 2621 744 2681 inunctioni
788 2619 1086 2680 adhibitae
1132 2620 1403 2679 mirifice
1431 2619 1621 2681 oculis
1658 2619 2048 2699 caligantibus
2088 2638 2220 2700 pro·

195 2718 342 2770 sunt.
416 2708 655 2770 Herbae
703 2707 1069 2770 chelidoniae
1108 2725 1338 2789 sucum,
1376 2708 1620 2769 feniculi
1656 2726 1867 2770 sucum
1914 2709 1987 2770 ad
2036 2727 2209 2789 quar·
2225 2721 2326 2772 106

194 2800 368 2858 tarios
426 2798 695 2877 singulos
752 2800 934 2858 misce
987 2815 1125 2858 cum
1170 2796 1365 2857 mellis
1420 2799 1627 2877 optimi
1683 2800 2002 2877 quartariis
2051 2804 2218 2877 quat-

193 2892 323 2946 tuor
361 2896 423 2948 et
466 2885 672 2947 oculos
714 2886 1030 2966 gravedine
1073 2893 1136 2946 et
1181 2885 1549 2964 aspritudine
1596 2885 1932 2947 laborantes
1978 2888 2218 2967 inunge,

124 2976 337 3035 zomire
402 2974 701 3056 proderit3
763 2975 866 3036 sed
924 2973 1101 3036 simul
1157 2976 1354 3035 omnia
1410 2974 1676 3054 decoque
1733 2977 1794 3035 in
1850 2993 1988 3036 vaso
2045 2993 2218 3036 aereo

193 3071 250 3122 et
303 3067 389 3125 sic
445 3065 779 3125 inunctioni
834 3082 1088 3124 reserva.
1179 3061 1357 3141 Lapis
1412 3064 1644 3125 medius
1691 3066 1751 3124 in
1799 3063 1999 3143 lupina
2045 3063 2324 3145 pelli-10⁷

195 3151 321 3212 cula
386 3152 718 3232 subligatus
783 3151 933 3212 collo
999 3162 1177 3231 atque
1232 3153 1315 3212 ita
1370 3152 1473 3213 diu
1528 3161 1825 3234 portatuS‚
1891 3152 1996 3214 sed
2051 3156 2220 3233 prius

196 3240 466 3302 muliebri
518 3242 671 3303 lacte
727 3248 1126 3320 pertractatus
1182 3258 1303 3301 non
1350 3249 1575 3304 tantum
1625 3243 1907 3320 caligines
1954 3250 2219 3323 tenuare,

196 3346 398 3390 verum
427 3333 605 3391 etiam
633 3330 979 3410 ypochysim
1009 3329 1306 3391 discutere
1337 3337 1397 3390 et
1425 3330 1740 3393 obductam
1770 3333 1957 3391 aciem
1986 3333 2219 3409 aperire

128 3429 174 3472 85
198 3422 515 3484 consuevit.
592 3418 807 3500 Hygm,
857 3437 1005 3498 quae
1052 3417 1299 3498 prodest
1347 3419 1510 3480 valde
1557 3420 1630 3480 ad
1668 3420 1978 3498 caliginem
2017 3419 2325 3480 datar-108

340 3615 367 3662 1
405 3610 469 3664 in
504 3608 798 3663 confirmat
831 3609 1156 3666 vocabulum
1191 3567 1396 3664 desinit
1431 3606 1600 3661 codex
1633 3622 1801 3676 usque
1837 3607 1911 3661 ad
1948 3612 1978 3671 ἓ
2012 3610 2130 3660 168.
