2575 4092
1124 257 1610 324 —314—

246 434 315 484 52
529 419 615 481 De
675 438 885 481 novem
945 420 1273 502 coloribus,
1338 423 1420 481 ita
1476 428 1543 482 ut
1600 421 1689 483 ibi
1740 420 1939 482 album
1993 419 2087 481 vel
2140 422 2394 501 nigrum

353 528 475 571 non
540 511 645 591 sit,
709 509 892 571 facies
956 527 1029 570 ex
1085 510 1337 588 singulis
1393 509 1621 589 singula
1675 509 1770 570 fila
1826 517 1888 571 et
1942 511 2139 570 omnia
2195 513 2262 571 in
2325 529 2392 572 se

352 598 607 660 adunata
662 616 775 660 acu
828 605 1109 678 argentea
1154 616 1263 678 per
1309 598 1515 660 oculos
1562 597 1743 660 catuli
1786 597 2031 679 novelli,
2085 600 2190 676 qui
2236 618 2393 661 non·

354 688 495 749 dum
549 685 735 769 videt,
790 689 1057 768 traicies‚
1113 688 1197 749 ita
1249 695 1321 749 ut
1374 706 1483 768 per
1538 705 1717 748 anum
1771 689 1902 749 eius
1957 697 2197 769 exeant3
2250 697 2391 749 tum

351 777 482 855 ipsa
536 775 634 837 fila
687 778 749 837 in
807 794 872 837 se
927 785 1179 838 counata
1223 775 1536 856 torquebis
1582 783 1643 836 et
1687 794 1797 857 pro
1843 776 2082 855 cingulo
2127 776 2202 837 ad
2249 796 2389 838 cor·
2415 795 2444 837 ⁵

351 882 467 944 pus
512 864 726 926 mediis
769 864 1041 946 partibus
1086 867 1305 947 uteris3
1350 864 1614 927 catulum
1651 883 1793 927 sane
1828 867 2027 926 vivum
2064 867 2390 928 confestim

350 955 414 1015 in
458 953 681 1016 flumen
726 955 1003 1035 proicies,

241 1053 313 1104 53
528 1043 618 1104 Ad
673 1041 872 1104 colum
925 1042 1255 1104 remedium
1303 1043 1615 1122 physicum
1661 1045 1776 1104 sic:
1841 1041 2061 1104 Canem
2105 1042 2183 1103 de
2229 1051 2387 1104 ster-

352 1130 573 1193 culinio
628 1138 732 1192 aut
786 1130 860 1192 de
917 1129 1113 1209 aliquo
1169 1130 1411 1191 sordido
1465 1131 1596 1193 loco
1656 1134 1947 1193 iacentem
2007 1131 2263 1212 expellat
2323 1140 2385 1194 et

352 1220 517 1299 fuget
563 1222 668 1299 qui
712 1220 973 1298 patietur
1017 1217 1136 1280 coli
1180 1218 1418 1281 dolores
1456 1228 1517 1282 et
1553 1224 1754 1282 statim
1790 1220 1911 1282 illic
1948 1222 2191 1302 mitigat,
2237 1221 2380 1283 ilico
2409 1239 2459 1279 ιο

351 1307 793 1369 remediabitur.

243 1408 315 1458 54
527 1396 776 1458 iniectio
840 1395 913 1457 ad
969 1396 1085 1457 coli
1139 1398 1674 1477 empneumatosim
1729 1399 1843 1459 sic:
1916 1397 2048 1459 Olei
2110 1398 2383 1460 anethini

352 1518 441 1529 —
476 1484 569 1565 vl,
616 1484 817 1566 butyri
864 1486 1109 1547 exsalati
1159 1517 1236 1530 —
1278 1485 1377 1566 111,
1424 1484 1594 1546 nardi
1641 1518 1727 1530 --
1763 1485 1844 1568 113
1891 1486 2039 1547 haec
2084 1488 2379 1566 permixta

352 1583 411 1636 et
457 1574 645 1636 calida
692 1592 802 1654 per
848 1575 1163 1655 clysterem
1213 1573 1629 1636 infunduntur.

242 1674 313 1724 55
529 1663 618 1724 Ad
673 1662 868 1725 colum
925 1662 1252 1724 sanandum
1304 1661 1567 1724 remedia
1611 1664 1766 1724 infra
1812 1665 2034 1743 scripta
2079 1662 2152 1725 de
2199 1663 2376 1726 Pros-
2403 1683 2454 1725 15

350 1753 529 1813 dochi
581 1751 800 1813 medici
852 1754 1133 1814 remediis
1187 1751 1422 1814 electis:
1477 1751 1716 1813 Lotium
1771 1752 2185 1814 ichneumonis
2237 1772 2379 1815 cum

349 1840 501 1902 lacte
554 1859 768 1902 vaccae
824 1843 1027 1921 nigrae
1074 1841 1241 1902 dabis
1286 1842 1352 1901 in
1396 1841 1622 1921 impetu
1670 1840 1785 1902 coli
1829 1841 2181 1921 potandum,
2236 1861 2378 1904 con·

244 1940 312 1991 56
352 1932 520 1992 tinuo
559 1929 893 1991 subvenies,
953 1930 1201 1991 Iniectio
1238 1929 1313 1990 ad
1351 1928 1546 1990 colum
1584 1930 1699 1990 sic:
1746 1928 2200 2010 colocynthidas
2229 1930 2378 1992 duas

352 2026 412 2080 et
467 2027 636 2080 rutae
694 2025 755 2079 et
808 2020 1182 2097 faenograeci
1236 2025 1298 2079 et
1351 2017 1633 2079 bacarum
1687 2016 1842 2080 lauri
1895 2026 2184 2098 quantum
2228 2021 2376 2081 satis

350 2108 781 2169 existimaveris
824 2110 890 2167 in
927 2126 1079 2186 aqua
1116 2125 1341 2186 coques
1378 2107 1481 2168 diu
1520 2113 1581 2168 et
1617 2105 1797 2168 addes
1836 2106 2028 2168 mellis
2061 2126 2276 2187 parum
2314 2115 2378 2170 et
2400 2127 2452 2167 so

244 2206 311 2256 57
350 2199 433 2260 ita
469 2198 682 2256 inicies
719 2194 849 2256 colo
885 2194 1269 2257 laborantem.
1337 2195 1466 2257 Olei
1502 2197 1731 2256 rutacei
1767 2196 2082 2276 heminam,
2120 2196 2378 2276 asphalti

349 2283 575 2344 Iudaici
625 2315 701 2327 —-
743 2282 868 2363 1111,
915 2284 1172 2344 castorei
1221 2317 1299 2327 —
1341 2282 1450 2345 1111
1497 2291 1698 2345 terens
1742 2285 2134 2364 permiscebis
2180 2294 2241 2346 et
2286 2288 2374 2347 sic

242 2383 310 2433 58
350 2373 558 2432 inicies
604 2371 874 2432 colicum.
941 2371 1057 2432 Alii
1102 2379 1281 2451 caput
1327 2379 1644 2453 purgatum
1690 2374 1898 2434 tritum
1936 2373 2216 2435 infundes
2252 2377 2376 2455 pici

348 2459 607 2540 liquidae
655 2467 833 2541 atque
879 2462 963 2523 ita
1006 2462 1235 2543 inicies,
1283 2463 1484 2523 statim
1531 2460 1836 2524 sedabitur
1882 2462 1997 2523 coli
2042 2462 2230 2525 dolor.

240 2560 310 2610 59
524 2547 610 2610 De
662 2552 1068 2630 experimento
1117 2550 1187 2611 ad
1236 2549 1460 2611 colum:
1523 2549 1683 2611 Rubi
1727 2549 2005 2612 foliorum
2051 2570 2264 2613 sucum
2312 2559 2374 2613 et
2398 2569 2448 2611 ιε

348 2640 620 2718 capparis
667 2657 879 2700 sucum
925 2647 1028 2700 aut
1071 2638 1307 2700 rhamni
1352 2646 1414 2700 et
1458 2637 1650 2699 mellis
1695 2638 2045 2701 tantundem
2091 2639 2373 2702 miscebis
2541 2645 2542 2686 ¹

348 2734 407 2787 et
454 2726 621 2789 dabis
665 2726 907 2807 plenum
953 2746 1026 2788 ex
1073 2746 1142 2788 eo
1190 2726 1457 2789 cocleare
1502 2735 1606 2789 aut
1650 2736 1827 2790 nocte
1873 2736 1976 2789 aut
2018 2731 2163 2790 satis
2199 2748 2372 2791 mane

348 2815 535 2877 colico
581 2816 922 2896 potandum.

241 2917 310 2967 60
525 2905 772 2966 Iniectio
810 2903 881 2965 ad
919 2903 1118 2965 colum
1156 2905 1270 2966 sic:
1325 2904 1535 2985 Butyri
1575 2904 1842 2966 cocleare
1885 2923 2088 2987 unum,
2135 2906 2371 2968 cedriae

347 2992 614 3054 cocleare
660 3011 874 3074 unum,
922 2996 1043 3073 opii
1091 3002 1309 3073 quanta
1355 2995 1482 3054 ervi
1528 2996 1606 3054 sit
1650 2994 2013 3077 magnitudo,
2065 2994 2183 3055 olei
2226 2994 2287 3056 P.
2325 2994 2443 3078 I,³o

345 3083 409 3142 in
464 3100 582 3160 quo
637 3081 816 3143 bacae
871 3082 1025 3142 lauri
1069 3080 1171 3142 XV
1215 3090 1430 3144 tunsae
1487 3092 1546 3144 et
1593 3083 1814 3162 cymini
1858 3092 2148 3162 quantum
2192 3102 2370 3145 manu

346 3172 544 3249 capias
591 3188 729 3231 cum
776 3169 1090 3249 speciebus
1137 3189 1319 3250 supra
1365 3172 1605 3250 scriptis
1660 3172 1875 3232 infusis
1933 3180 1995 3234 et
2048 3171 2371 3251 diligentis-

288 3319 299 3328 ,
346 3261 495 3320 sime
541 3261 702 3321 tritis
747 3266 1108 3340 coquantur3
1156 3278 1229 3320 ex
1276 3279 1348 3320 eo
1397 3262 1501 3340 qui
1544 3255 1774 3322 laborat
1818 3258 1936 3322 coli
1979 3262 2123 3322 vitio
2170 3263 2369 3323 inicie-

352 3354 469 3430 tur‚
516 3350 596 3410 ita
643 3356 711 3409 ut
755 3349 924 3429 prius
972 3347 1221 3409 calidam
1267 3367 1481 3429 aquam
1526 3348 1704 3411 bibat.

525 3488 558 3537 5
606 3485 849 3540 connata.
891 3482 1209 3555 torquebis]
1265 3486 1709 3552 connataturque
1762 3483 1870 3542 bis.
2091 3490 2158 3540 10
2208 3485 2366 3557 fugit.

350 3557 414 3605 12
454 3554 962 3621 empneumatisim.
1095 3559 1161 3609 14
1199 3553 1439 3611 elistere.
1566 3560 1634 3610 32
1675 3571 1846 3626 supra.
1882 3554 2133 3628 scriptis]
2174 3555 2367 3613 subtis.

345 3626 415 3674 34
452 3622 635 3678 calida
670 3640 834 3692 aqua..
