2575 4092
1102 221 1543 284 ..14-

309 393 378 446 ut
430 392 490 445 et
526 402 736 463 aegros
774 402 914 444 suos
953 383 1056 444 diu
1093 384 1156 444 in
1194 382 1395 443 reditu
1434 381 1725 443 haberent
1761 390 1822 443 et
1859 384 2155 443 saeviores
2191 384 2342 462 ipsis

309 472 536 535 morbis
575 476 916 535 existerent.
974 471 1355 551 Quapropter
1390 475 1798 533 necessarium
1835 472 1980 532 mihi
2006 474 2201 533 visum
2230 480 2343 553 est,

280 562 575 642 'undique
620 561 975 623 valetudinis
1022 560 1238 622 auxilia
1285 561 1641 622 contrahere
1688 568 1749 622 et
1783 560 1971 622 veluti
2006 563 2068 621 in
2112 560 2341 622 brevia·

309 655 467 714 rium
506 651 805 732 colligere,
842 658 911 712 ut
947 668 1327 731 quocumque
1365 652 1662 711 venissem
1691 645 2018 731 (possem)
2047 650 2341 711 eiusmodi

308 741 557 803 insidias
610 743 798 802 vitare
853 748 915 801 et
975 739 1086 800 hac
1150 739 1369 801 fiducia
1433 742 1703 801 securior
1767 742 1884 800 iter
1941 739 2206 819 ingredi,
2272 747 2341 801 ut
2396 757 2424 800 5

310 833 512 912 sciam,
550 831 601 891 si
632 832 765 909 quis
796 829 941 890 mihi
977 827 1229 908 languor
1271 829 1575 910 acciderit,
1618 847 1737 889 non
1775 829 2040 890 facturos
2075 829 2342 891 medicos

309 938 382 980 ex
429 937 524 980 me
570 919 664 980 vel
708 920 858 979 meis
903 918 1162 980 reditum
1200 936 1314 979 nec
1349 926 1657 980 taxaturos
1691 917 2208 979 incommodorum
2245 936 2342 979 oc·

310 1007 649 1070 casionibus
697 1010 1000 1069 sanitates
1068 1008 1220 1068 Ante
1268 1010 1466 1068 omnia
1511 1015 1712 1068 autem
1756 1016 1902 1088 puto
1948 1009 2012 1067 in
2059 1015 2342 1088 promptu

308 1098 596 1178 habenda,
624 1115 777 1176 quae
806 1095 1005 1158 subito
1035 1096 1373 1157 desiderata
1401 1096 1746 1158 difficillima
1779 1097 2056 1158 videntur
2075 1098 2341 1177 inventu,

310 1189 467 1249 sicut
513 1186 710 1249 oleum
758 1194 944 1247 vetuS.
1010 1185 1181 1257 Quod
1221 1188 1273 1246 si
1310 1186 1385 1247 ad
1421 1205 1663 1247 manum
1701 1205 1820 1247 non
1859 1188 1992 1268 erit,
2029 1185 2340 1246 celerrime
2371 1203 2429 1245 10

308 1277 439 1337 fieri
499 1277 738 1355 poterit.
838 1274 1316 1337 Defervefactum
1373 1278 1531 1336 enim
1589 1274 1682 1336 vel
1736 1277 2219 1336 recentissimum
2280 1282 2341 1335 et

309 1365 555 1426 odorem
602 1372 663 1425 et
707 1366 868 1425 vires
913 1366 1307 1425 vetustissimi
1340 1372 1623 1444 praestat.
1703 1363 1780 1424 Et
1826 1367 1878 1425 si
1916 1365 2069 1425 forte
2108 1365 2339 1425 curatio

309 1456 576 1533 exegerit
631 1472 843 1533 aquam
895 1455 1186 1514 marinam
1241 1456 1306 1514 in
1352 1453 1790 1515 mediterraneo
1838 1455 2071 1534 quaeri,
2123 1452 2339 1514 sollici-

307 1542 504 1604 tudini
549 1543 717 1604 locus
763 1561 884 1604 non
931 1544 1072 1624 erit,
1120 1544 1173 1603 si
1216 1544 1299 1604 ita
1346 1545 1771 1622 prospiciatur:
1828 1542 1945 1603 duo
1994 1544 2155 1603 enim
2201 1541 2340 1603 salis

309 1633 552 1693 sextarii
596 1634 658 1692 in
697 1639 982 1713 quattuor
1019 1649 1205 1711 aquae
1244 1634 1536 1693 sextarios
1574 1634 1740 1693 missi
1782 1625 2336 1710 temperatissimam
2367 1648 2425 1690 15

308 1723 522 1783 marini
577 1720 827 1801 liquoris
883 1723 1115 1801 copiam
1172 1722 1407 1782 facient.
1492 1720 1763 1801 Oxymeli
1818 1739 1957 1781 vero
2006 1720 2175 1782 facile
2224 1721 2341 1782 erit

306 1812 455 1890 fieri,
503 1812 555 1871 si
601 1810 835 1872 duobus
884 1811 1109 1890 cyathis
1149 1809 1341 1872 mellis
1380 1812 1676 1871 sextarius
1713 1811 1867 1871 aceti
1903 1808 2102 1870 addito
2140 1808 2339 1889 puleio

307 1909 366 1961 et
413 1898 553 1960 salis
600 1900 833 1961 modico
882 1907 1404 1977 contemperetur-
1459 1898 1707 1960 Polenta
1754 1906 1953 1959 autem
2001 1898 2115 1959 hoc
2161 1898 2337 1959 modo

306 1989 433 2049 fiet:
496 1987 803 2049 Hordeum
850 2006 1003 2067 aqua
1048 1988 1358 2068 perfusum
1405 2006 1524 2048 una
1571 1996 1746 2050 nocte
1794 1990 2071 2067 siccatur,
2120 1987 2337 2048 deinde

307 2077 378 2137 ad
435 2075 545 2135 XX
600 2075 783 2137 libras
839 2075 1051 2137 hordei
1105 2075 1448 2138 adiciuntur
1503 2085 1627 2138 tres
1682 2076 1868 2138 librae
1920 2076 2028 2138 lini
2074 2078 2337 2157 seminis,
2368 2093 2428 2134 so

307 2164 607 2227 coriandri
644 2164 879 2245 selibra,
918 2164 1057 2226 salis
1093 2164 1481 2246 acitabulum3
1528 2177 1673 2227 tunc
1718 2165 1932 2243 deinde
1971 2165 2116 2226 haec
2154 2167 2339 2226 mixta

307 2262 616 2315 torrentur
671 2261 732 2314 et
776 2253 930 2315 mola
977 2255 1350 2333 franguntur.
1434 2254 1727 2316 Omnibus
1774 2262 1971 2315 autem
2018 2256 2338 2317 curationi-

306 2343 420 2404 bus
476 2342 593 2404 mel
649 2345 938 2422 optimum
996 2351 1116 2424 est,
1174 2345 1237 2403 in
1296 2362 1413 2424 quo
1472 2362 1612 2424 apes
1669 2346 2041 2426 moriuntur,
2099 2351 2161 2404 et
2206 2342 2338 2404 lana

307 2433 513 2494 sucida
569 2451 637 2493 ea
696 2431 850 2493 bona
906 2440 1025 2515 est,
1092 2451 1241 2512 quae
1299 2432 1372 2493 de
1430 2436 1554 2495 ovis
1621 2432 1770 2494 collo
1828 2433 2011 2495 fuerit
2073 2433 2338 2494 adtonsa.

306 2521 582 2583 Cinerem
641 2524 836 2585 avium
902 2521 995 2582 vel
1059 2520 1311 2582 aliorum
1376 2521 1715 2583 animalium
1783 2521 2184 2583 desideratum
2249 2523 2336 2583 sic
2365 2537 2426 2578 25

307 2611 437 2681 fieri
484 2618 746 2690 oportet:
810 2610 878 2671 ln
926 2610 1101 2671 ollam
1149 2629 1359 2671 novam
1404 2613 1664 2672 mittitur
1711 2613 1833 2672 avis
1880 2618 1983 2672 aut
2030 2609 2337 2691 quodlibet

307 2699 463 2760 aliud
503 2699 736 2782 animal,
777 2699 933 2779 quod
973 2701 1276 2779 putaveris
1306 2700 1704 2780 exurendum3
1746 2699 1903 2779 quod
1933 2699 2134 2762 addito
2163 2718 2333 2780 oper-

307 2788 441 2850 culo
511 2788 965 2868 circumlitoque
1027 2787 1231 2868 argilla
1295 2790 1359 2849 in
1429 2789 1605 2850 furno
1680 2790 1932 2850 ferventi
2007 2788 2337 2850 torrebitur

306 2879 670 2958 spiramento
727 2878 1069 2957 permodico
1126 2878 1300 2939 facto.
1384 2877 1891 2956 Gargarizationes
1937 2896 2079 2938 vero
2128 2896 2334 2939 omnes

307 2966 529 3028 calidae
576 2967 833 3028 utendae
879 2975 1046 3047 sunt,
1094 2968 1251 3028 sicut
1298 2975 1358 3028 et
1405 2968 1692 3049 fomenta,
1746 2976 1814 3029 ut
1859 2966 2136 3029 medendi
2182 2969 2334 3028 ratio
2362 2982 2419 3023 ao

307 3063 368 3117 et
414 3073 560 3117 usus
607 3056 883 3117 ostendit.

451 3179 482 3227 3
503 3172 844 3228 valetudinis
866 3179 961 3228 1m
986 3172 1317 3228 valitudinis
1337 3179 1456 3230 2m.
1549 3180 1583 3228 4
1601 3190 1823 3243 possem
1853 3190 1954 3230 om.
2048 3177 2080 3229 ὅ
2109 3173 2217 3228 hac
2237 3179 2338 3228 Im

306 3245 451 3299 hanc
470 3250 590 3301 2m.
670 3245 948 3301 fiduciam.
1027 3252 1089 3299 11
1115 3243 1556 3300 defervefactum
1574 3252 1675 3300 1m
1694 3244 2197 3301 deferverefactum
2216 3250 2335 3301 2m.

312 3321 375 3370 12
405 3321 535 3386 post
571 3315 718 3370 vires
757 3318 886 3372 add.
927 3318 986 3372 et
1021 3318 1101 3372 ut.
1215 3322 1280 3370 16
1313 3316 1597 3385 oxymelli.
1711 3323 1775 3371 19
1806 3317 2052 3372 ordeum.
2161 3321 2232 3371 20
2261 3315 2336 3370 ad

307 3403 407 3443 om.
518 3393 585 3441 21
625 3387 969 3442 acitabulum
997 3394 1096 3442 1m
1135 3387 1495 3442 acetabulum
1521 3392 1637 3445 2m.
1766 3393 1832 3442 22
1862 3387 2027 3444 mole.
2138 3392 2208 3441 24
2237 3386 2338 3440 ad·-

307 3460 488 3513 tunsa.
677 3464 743 3513 27
784 3460 959 3530 quod]
1000 3474 1177 3527 usque
1212 3475 1389 3528 supra
1426 3461 1641 3515 lineam.
1833 3459 2096 3528 operculo
2136 3459 2339 3514 litteris

308 3546 374 3585 co
401 3546 585 3655 {upra
618 3531 1091 3656 υοῖεαρπξᾱιῖριἰε.
1297 3536 1363 3585 31
1403 3528 1651 3600 Explicit
1692 3547 1777 3600 ep.
1815 3530 1958 3600 plini
1997 3528 2227 3585 secundi
2265 3530 2337 3585 de

308 3617 396 3655 me
437 3617 602 3657 lema.
707 3617 855 3671 nc1p1
919 3620 953 3657 a.
978 3619 1036 3657 ιο,
1073 3618 1159 3671 ep.
