2575 4092
1087 231 1573 297 —216—

322 403 393 455 ut
447 394 778 456 resolutum
833 397 897 454 in
952 413 1058 455 ore
1114 402 1382 475 teneant,
1439 395 1766 474 spleniticis
1822 412 1898 455 ex
1942 412 2121 474 posca
2167 394 2359 475 dahis,

321 482 661 564 paralyticis
725 501 797 543 ex
863 502 1016 563 aqua
1069 483 1287 564 calida,
1351 484 1694 562 praecordia
1753 482 2092 544 dolentibus
2146 483 2359 543 itidem

325 590 395 632 ex
443 590 596 650 aqua
651 571 865 654 calida3
920 575 1212 633 tortiones
1266 574 1492 632 ventris
1542 575 1644 652 qui
1688 574 2025 653 patiuntur,
2081 591 2154 632 ex
2203 590 2359 651 aqua

325 659 513 721 calida
573 660 772 741 dabis;
830 661 1227 722 motiunculas
1285 659 1445 721 leves
1512 663 1617 741 qui
1670 662 2007 741 patiuntur,
2073 678 2147 720 ex
2204 679 2360 739 aqua

325 747 513 809 calida
567 748 750 810 dabis.
844 749 1148 810 Secundas
1203 751 1383 810 etiam
1429 749 1806 832 mulieribuS,
1862 767 2011 829 quae
2060 768 2132 810 ex
2175 757 2358 828 partu
2385 767 2415 807 5

323 837 416 897 vel
480 855 554 897 ex
617 837 831 899 abortu
886 840 1311 919 remanserint,
1376 838 1647 919 discutit,
1712 841 1764 898 si
1818 855 1891 898 ex
1946 853 2091 899 suco
2156 838 2358 898 faeno-

326 928 528 1005 graeci
583 929 740 988 cocti
794 926 887 987 vel
941 946 1013 987 ex
1070 927 1260 988 mulsa
1315 925 1641 988 bibendum
1692 927 1883 987 detur.
1974 926 2357 1006 Apostemata

326 1018 505 1075 etiam
551 1022 611 1076 et
657 1018 853 1076 omnia
898 1017 1262 1077 intrinsecus
1302 1015 1546 1076 collecta
1589 1023 1880 1095 expurgat
1916 1033 1988 1075 ex
2026 1014 2215 1075 mulsa
2254 1015 2354 1076 da-

326 1112 453 1164 tum
491 1102 584 1163 vel
620 1122 694 1163 ex
730 1104 1104 1180 faenograeoi
1141 1122 1304 1165 suc0.
1371 1104 1540 1165 Sicca
1578 1122 1719 1164 vero
1756 1106 1909 1164 tussi
1945 1103 2355 1164 laborantibus

325 1210 398 1251 ex
454 1190 628 1251 melle
682 1191 809 1251 solo
867 1191 1048 1252 dahis.
1141 1192 1226 1252 Ad
1277 1211 1454 1253 uvam
1500 1193 1820 1253 stillantem
1866 1211 1939 1252 ex
1985 1191 2175 1253 mulsa
2223 1211 2355 1271 gar·
2383 1211 2443 1250 ιο

326 1279 707 1358 garizandum
753 1279 950 1361 dahis,
1005 1280 1101 1340 his
1156 1299 1324 1359 vero,
1384 1283 1487 1360 qui
1532 1281 1746 1360 fungos
1793 1287 2113 1342 venenatos
2160 1299 2357 1342 come-

327 1367 550 1447 derint,
608 1387 744 1428 cum
800 1369 1104 1447 oxymellis
1161 1370 1388 1449 cyathis
1444 1369 1636 1431 tribus
1684 1369 1867 1430 dabis.
1950 1369 2259 1430 Venenum
2307 1374 2359 1430 si

328 1458 461 1535 quis
503 1455 746 1538 biberit,
784 1476 856 1517 ex
894 1476 1038 1518 suco
1076 1460 1342 1537 ptisanae
1379 1458 1709 1519 resolutum
1739 1460 2005 1538 accipiat.
2070 1457 2137 1518 In
2166 1461 2357 1519 omni-

325 1543 439 1607 bus
468 1563 609 1605 sane
637 1545 1017 1624 passionibus
1045 1547 1246 1607 triduo
1278 1546 1561 1608 continuo
1585 1546 1780 1628 dabis;
1809 1550 1860 1607 si
1887 1564 2133 1607 necesse
2155 1547 2358 1628 fuerit,

325 1635 546 1694 iterum
575 1633 688 1694 alio
718 1634 918 1695 triduo
949 1634 1143 1715 dabis3
1177 1635 1454 1696 omnibus
1483 1654 1625 1696 sane
1656 1626 1943 1715 quantum
1972 1635 2140 1696 fabae
2167 1637 2357 1715 Aegy·
2383 1654 2441 1694 15

324 1725 554 1800 ptiacae
601 1740 851 1800 granum
900 1731 992 1784 est
1038 1723 1221 1784 dabis,

219 1822 322 1872 129
505 1810 810 1871 Confectio
856 1814 1117 1890 potionis
1163 1811 1235 1872 ad
1283 1830 1518 1872 omnem
1576 1813 1889 1873 sanitatem
1944 1812 2109 1873 utilis
2164 1821 2226 1872 et
2283 1813 2355 1873 ad

324 1899 615 1960 stomachi
660 1901 1170 1961 confirmationem
1207 1902 1425 1979 accipit
1460 1900 1632 1962 haec:
1678 1900 1861 1961 Lauri
1894 1900 2175 1962 bacarum
2213 1920 2357 1980 pur-

324 1996 591 2066 gatarum
638 1987 801 2069 -Ι,
847 2008 1080 2068 myrrae
1118 2023 1202 2032 —
1234 1987 1285 2070 I,
1332 1991 1641 2067 gentianae
1695 2019 1768 2032 --
1812 1989 1855 2071 I,
1903 1989 2208 2050 aristoloci
2259 2009 2357 2051 ro-

324 2076 497 2137 tundi
539 2109 615 2119 —-
649 2075 700 2157 13
738 2075 1044 2155 pulverem
1072 2079 1493 2140 tenuissimum
1532 2097 1601 2138 ex
1640 2078 1735 2139 his
1773 2078 2087 2157 speciebus
2117 2097 2357 2157 separa·
2385 2097 2442 2137 so

323 2167 433 2224 tim
462 2167 657 2225 tunsis
686 2164 866 2225 facies
896 2172 957 2225 et
981 2174 1202 2244 postea
1215 2166 1607 2244 pei-miscebis
1637 2175 1697 2227 et
1725 2185 1979 2247 repones
2008 2175 2068 2228 et
2097 2186 2237 2227 cum
2265 2172 2359 2230 uti

322 2252 599 2333 volueriS,
646 2251 913 2313 cocleare
952 2272 1136 2314 unum
1175 2273 1313 2315 cum
1350 2257 1590 2334 potione
1630 2255 1852 2316 calidae
1891 2274 2075 2335 aquae
2112 2258 2357 2317 ieiunus

321 2342 579 2419 accipies
618 2348 679 2401 et
713 2343 1085 2420 interpositis
1117 2342 1328 2403 diebus
1367 2362 1501 2404 cum
1541 2343 1800 2404 volueris
1828 2346 2048 2405 iterum
2076 2347 2358 2425 accipies.

319 2428 521 2489 Primo
571 2447 711 2489 vere
761 2438 959 2491 tamen
1005 2433 1255 2511 incipies
1302 2431 1412 2492 hac
1449 2435 1691 2510 potione
1728 2434 1819 2493 uti
1856 2440 1916 2494 et
1952 2433 2165 2494 deinde
2210 2452 2358 2513 quo·

317 2518 496 2579 modo
544 2517 802 2579 volueris
846 2537 955 2597 per
1002 2528 1270 2599 tempora
1316 2520 1516 2581 triduo
1563 2524 1848 2582 continuo
1894 2524 2100 2583 uteris,
2383 2539 2435 2582 25

213 2621 319 2670 130
498 2607 872 2690 Antidotum,
925 2609 1084 2687 quod
1132 2609 1273 2670 facit
1319 2609 1391 2669 ad
1438 2628 1644 2670 omnes
1691 2609 1927 2671 dolores
1973 2613 2245 2671 internos
2294 2620 2358 2672 et

320 2695 393 2755 ad
454 2695 826 2757 stomachum
872 2698 1373 2776 confirmandum,
1427 2700 1644 2776 recipit
1688 2698 1861 2759 haec:
1925 2700 2060 2778 Apii
2104 2702 2357 2760 seminis

323 2775 401 2868 91
441 2782 602 2864 XXI,
659 2785 859 2845 anethi
915 2787 1158 2846 seminis
1207 2779 1286 2873 ,9
1327 2784 1508 2867 v1111,
1555 2790 1810 2847 castorei
1857 2779 1936 2873 ,9
1976 2786 2076 2868 VI,
2121 2789 2354 2867 piperis

281 2939 284 2942 ,
321 2865 400 2959 ,β
439 2872 538 2954 111,
586 2875 708 2951 opii
755 2865 836 2959 ᾃσ
873 2873 972 2955 111,
1019 2893 1251 2954 myrrae
1300 2867 1379 2961 ,ἓν
1419 2873 1517 2936 ΠΙ.
1591 2874 1750 2935 Haec
1797 2878 1992 2937 omnia
2030 2879 2356 2954 separatim

320 2961 537 3021 tundes
576 2970 636 3022 et
674 2980 746 3022 ex
783 2962 956 3023 melle
987 2966 1210 3041 optimo
1241 2963 1602 3042 temperabis
1642 2973 1703 3024 et
1740 2983 1877 3024 cum
1906 2964 2164 3025 volueris
2204 2965 2350 3026 dare
2381 2984 2436 3023 so

316 3052 639 3131 potionem,
676 3052 739 3109 in
775 3051 1018 3112 modum
1057 3051 1225 3112 fabae
1263 3051 1534 3132 globulos
1573 3053 1755 3113 facies
1795 3062 1855 3113 et
1892 3052 2059 3114 dabis
2096 3071 2170 3113 ex
2209 3072 2353 3114 con·

319 3137 442 3198 dito
491 3140 614 3198 sive
661 3140 798 3198 vino
847 3148 1063 3221 vetere,
1112 3140 1213 3201 sed
1263 3142 1317 3201 si
1353 3140 1796 3221 febricitaverit,
1845 3160 1915 3201 ex
1955 3141 2137 3202 calida
2178 3160 2353 3222 aqua.

316 3226 477 3287 Haec
517 3226 813 3288 confectio
851 3228 1073 3289 dicitur
1111 3229 1438 3310 athanasia3
1479 3229 1620 3290 facit
1656 3229 1728 3290 ad
1769 3229 1970 3290 lateris
2008 3238 2068 3292 et
2104 3230 2178 3290 ad
2218 3231 2355 3311 coli,

316 3317 639 3395 praecipue
687 3315 758 3376 ad
807 3316 1097 3378 stomachi
1143 3317 1425 3379 dolorem.

496 3455 528 3505 2
566 3452 892 3521 paraliticis,
1067 3457 1134 3508 12
1172 3451 1468 3508 oximellis.
1637 3458 1701 3507 13
1738 3450 1969 3521 pisinae.
2117 3458 2189 3507 14
2219 3438 2353 3523 post

318 3521 673 3590 passionibus
711 3524 840 3578 add.
879 3524 1026 3579 sunt.
1158 3529 1224 3578 19
1261 3525 1484 3579 mirrae.
1617 3523 1905 3578 aristoloci
1941 3522 2170 3579 rotundi
2206 3526 2351 3596 (sie).

319 3596 388 3645 26
425 3593 575 3648 fecit.
720 3599 788 3648 29
826 3594 1047 3650 min-ae.
