2575 4092
1099 259 1575 325 —344—

322 424 618 505 selibram,
654 432 832 485 tunsa
870 423 1016 484 haec
1046 430 1223 502 atque
1253 421 1512 482 cribrata
1543 421 1873 481 miscentur
1907 428 1969 481 et
1996 439 2135 481 cum
2167 438 2362 499 aquae

322 512 595 594 pluvialis
623 510 686 574 6*
715 510 824 572 1111
862 512 934 572 ad
977 511 1199 573 medias
1238 511 1676 590 decoquuntur,
1716 528 1789 569 ex
1817 528 1888 570 eo
1917 509 2136 570 cotidie
2164 516 2359 570 testes

217 616 286 664 29
326 609 625 664 tumentes
680 600 836 661 inliti
893 601 1180 661 citissime
1237 601 1669 678 reprimuntur.
1752 598 2030 659 Contusis
2086 605 2148 658 et
2194 616 2358 658 com-

322 692 547 771 pressis
592 688 846 751 testibus
893 691 1011 750 cito
1058 688 1376 750 subvenies
1386 736 1404 768 ,
1452 689 1504 748 si
1549 690 1781 748 cicutae
1827 686 1966 747 folia
2014 688 2159 747 trita
2211 705 2355 748 cum

322 778 577 860 pauculo
616 781 770 840 aceti
805 778 1072 857 inducas,
1115 779 1196 838 ita
1234 785 1303 837 ut
1340 776 1707 837 medicamen
1745 774 2111 853 glutinosum
2152 775 2357 857 faciaS,
2384 792 2412 833 5

324 876 385 928 et
431 886 538 949 per
582 867 848 928 triduum
895 884 1080 946 ponas
1126 874 1187 927 et
1233 884 1405 926 mane
1452 883 1521 926 ac
1565 882 1812 943 vespera
1859 882 2125 925 renoves,

216 970 286 1019 30
502 955 689 1017 Bacae
736 957 1007 1035 cupressi
1044 962 1328 1016 contusae
1365 971 1502 1014 cum
1541 955 1792 1032 axungia
1829 961 2028 1014 vetere
2069 952 2354 1013 subactae

325 1053 385 1106 et
430 1053 732 1125 tamquam
777 1043 1062 1122 malagma
1098 1045 1411 1122 impositae
1450 1042 1766 1103 herniosos
1802 1044 1980 1103 etiam
2015 1041 2256 1102 adultos
2296 1051 2356 1102 et

326 1135 603 1213 antiquos
649 1140 926 1211 potenter
970 1133 1191 1193 iuvant.

216 1235 285 1284 31
504 1222 589 1283 Ad
619 1222 842 1281 veretri
869 1219 1136 1280 dolorem
1168 1228 1585 1299 tumoremque
1616 1219 1945 1280 remedium
1975 1220 2090 1280 sic:
2126 1217 2358 1300 Betam,
2388 1237 2443 1276 ιο

329 1310 402 1371 de
464 1328 578 1389 qua
639 1326 869 1390 semen,
926 1309 1192 1387 decoque
1240 1327 1314 1369 ex
1360 1326 1511 1388 aqua
1557 1315 1736 1387 atque
1783 1325 1851 1369 ea
1898 1308 2143 1369 adsidue
2191 1325 2357 1368 vere-

328 1407 486 1459 trum
534 1415 642 1476 per
682 1397 945 1459 triduum
982 1398 1112 1458 fove
1151 1404 1212 1458 et
1248 1404 1451 1458 tumor
1488 1396 1795 1457 sedabitur
1832 1403 1892 1456 et
1930 1398 2140 1457 vitium
2178 1414 2357 1457 omne

219 1501 289 1550 32
326 1486 571 1548 reducta
618 1486 893 1566 pellicula
931 1486 1252 1547 sanabitur.
1331 1485 1487 1547 Suco
1527 1484 1745 1546 herbae
1783 1487 2114 1545 vettonicae
2152 1484 2357 1565 tepido

326 1579 464 1637 vino
519 1578 703 1637 mixto
759 1583 1060 1636 veretrum
1117 1574 1363 1636 adsidue
1421 1575 1552 1636 fove
1610 1573 1703 1634 vel
1758 1576 1949 1652 ipsam
2006 1576 2209 1635 tritam
2257 1574 2358 1635 ad·

219 1679 288 1727 33
326 1682 497 1745 pone.
573 1664 917 1725 Portulacae
965 1681 1146 1724 sucus
1192 1663 1338 1724 tubo
1385 1662 1676 1724 laboranti
1722 1681 1829 1742 per
1875 1663 2224 1742 clysterium
2262 1665 2352 1724 in·
2381 1680 2437 1720 15

327 1755 549 1814 missus
586 1756 736 1812 mire
774 1752 1046 1833 prodest3
1085 1754 1211 1831 ipsa
1250 1754 1430 1812 etiam
1470 1753 1609 1813 trita
1639 1753 2100 1831 superimposita
2131 1751 2359 1813 iuvabit

329 1851 389 1903 et
435 1842 572 1921 quia
620 1844 739 1902 cito
786 1842 1025 1920 arescit,
1070 1839 1411 1920 plusculum
1453 1842 1582 1901 suci
1620 1843 1750 1902 eius
1788 1859 2139 1920 expressum
2180 1840 2360 1902 debet

328 1930 400 1991 ad
447 1931 950 1992 necessitudinem
997 1929 1340 1991 huiusmodi
1386 1931 1695 1990 reservari.

221 2033 292 2081 34
506 2018 705 2080 Pulvis
742 2021 1130 2080 tenuissimus
1159 2018 1234 2079 de
1261 2020 1443 2097 myrti
1470 2018 1628 2079 foliis
1657 2017 1936 2079 arefactis
1964 2017 2158 2079 ulceri
2186 2036 2357 2079 vere-

220 2122 291 2171 35
327 2111 410 2170 tri
463 2111 773 2186 inspersus
828 2106 1139 2168 celerrime
1185 2106 1447 2186 prodest.
1528 2105 1786 2168 Nucleos
1831 2109 2043 2186 pineos
2091 2109 2355 2168 minutos
2382 2125 2437 2164 20

328 2204 614 2276 purgatos
660 2213 909 2255 numero
949 2194 1111 2254 XXX
1158 2195 1391 2256 adiecto
1437 2196 1695 2274 pauxillo
1741 2198 1905 2257 croci
1952 2193 2132 2256 simul
2181 2198 2357 2257 tritos

330 2287 383 2346 si
439 2287 572 2363 quis
630 2301 701 2343 ex
755 2284 918 2361 passi
972 2283 1183 2361 cyatho
1240 2284 1461 2345 cotidie
1507 2302 1616 2362 per
1662 2283 1790 2344 dies
1835 2283 1994 2344 VIIII
2038 2287 2358 2346 continuos

221 2387 292 2436 36
330 2371 511 2452 bibat,
557 2374 706 2431 mire
753 2373 924 2450 penis
961 2373 1103 2432 vitio
1142 2371 1539 2452 celeriterque
1578 2372 1898 2434 sanabitur.
1955 2372 2183 2434 Ervum
2218 2392 2359 2453 pur-

329 2467 529 2541 gatum
587 2459 856 2520 molitum
915 2469 974 2522 et
1027 2463 1091 2521 in
1146 2461 1396 2522 farinam
1442 2463 1853 2522 tenuissimam
1899 2462 2211 2523 redactum
2258 2462 2358 2522 ad-

328 2552 484 2610 iecto
531 2550 685 2609 turis
731 2548 949 2628 polline
996 2567 1134 2610 cum
1180 2553 1319 2609 vino
1364 2557 1564 2611 vetere
1611 2558 1846 2611 coctum
1884 2550 2151 2629 tepidum
2190 2569 2357 2611 vere-
2384 2567 2439 2608 25

329 2646 424 2699 tro
470 2638 797 2716 inpositum
845 2646 904 2699 et
941 2637 1300 2718 'adopertum
1347 2639 1632 2699 citissime
1679 2639 1938 2717 prodest.

221 2742 291 2792 37
508 2725 711 2787 Verris
775 2727 1091 2788 cerebrum
1156 2735 1395 2788 coctum
1461 2735 1521 2789 et
1584 2746 1720 2788 cum
1783 2727 1955 2788 melle
2021 2726 2362 2806 adpositum

223 2833 294 2882 38
332 2815 730 2877 carbunculos
786 2818 846 2876 in
898 2824 1135 2876 veretro
1182 2816 1507 2876 efficaciter
1552 2824 1737 2877 sanat.
1827 2816 1986 2877 Dens
2034 2815 2359 2877 caballinus

332 2912 619 2967 contusus
665 2913 725 2965 et
770 2906 832 2964 in
878 2904 1183 2982 pulverem
1221 2904 1642 2965 tenuissimum
1679 2904 1959 2965 redactus
1997 2914 2233 2965 veretro
2271 2907 2358 2965 in-

221 3010 292 3059 39
333 3007 579 3071 spersus
616 2993 940 3054 efficaciter
977 2993 1238 3072 prodest.
1307 2993 1559 3054 Arietini
1595 2992 1911 3074 pulmoniS,
1949 2993 2093 3054 dum
2130 2996 2193 3054 in
2233 3012 2356 3054 cra·
2383 3011 2439 3052 so

331 3080 513 3142 ticula
559 3090 810 3162 assatur,
857 3099 1039 3143 sucus
1087 3090 1374 3161 exceptus
1416 3084 1785 3161 myrmeciaS,
1833 3100 1983 3162 quae
2021 3084 2083 3142 in
2122 3090 2359 3143 veretro

331 3171 498 3231 nasci
544 3169 753 3250 solent,
800 3173 1081 3231 unctione
1130 3188 1237 3231 sua
1283 3178 1502 3249 purgat
1549 3178 1609 3231 et
1654 3171 1916 3232 discutit.

224 3279 294 3327 40
511 3259 719 3320 Canini
776 3261 986 3337 capitis
1038 3261 1300 3319 recentis
1347 3260 1542 3320 exusti
1588 3262 1742 3321 cinis
1787 3261 2011 3321 veretri
2055 3259 2146 3320 vel
2194 3262 2359 3321 testi-

331 3347 603 3409 culorum
659 3346 875 3409 tabidis
942 3356 1002 3409 et
1063 3348 1280 3408 umidis
1335 3346 1641 3410 ulceribus
1697 3351 2006 3428 inspersus
2063 3355 2168 3409 aut
2223 3367 2360 3410 cum

511 3558 578 3605 27
625 3553 817 3607 Verris
864 3554 1176 3626 cerebrum]
1219 3555 1291 3621 cf.
1322 3554 1475 3609 Ptin.
1504 3570 1559 3609 n.
1590 3555 1642 3610 h.
1670 3559 1757 3623 28,
1788 3559 1909 3609 213.
2102 3559 2173 3611 28
2211 3553 2362 3611 Dens

332 3620 669 3693 caballinus]
707 3625 776 3689 cf.
807 3624 957 3678 Ptin.
985 3641 1042 3679 n.
1070 3626 1121 3681 h.
1152 3630 1238 3694 30,
1272 3631 1358 3680 72.
1790 3676 1797 3682 .
