2575 4092
1143 229 1536 291 ...2-

249 412 284 460 4
323 394 592 456 cessione
622 410 797 471 opem
823 392 1220 452 necessariam
1251 393 1740 470 curationemque
1770 390 2112 470 praestabit.
2167 389 2354 451 Cuius

324 483 607 544 scientiae
645 480 935 541 beneficia
963 482 1090 540 vice
1129 488 1337 542 mutua
1374 482 1637 541 caritatis
1674 478 1965 540 humanae
1999 497 2136 540 cum
2166 481 2354 539 omni-

321 571 434 632 bus
481 570 752 650 infirmiS,
800 571 1023 650 amiciS,
1070 571 1229 630 notis
1275 571 1635 649 ignotisque,
1681 571 1861 629 immo
1899 586 2040 628 vero
2079 587 2217 628 cum
2255 568 2355 629 ad-

319 661 487 721 venis
533 661 721 738 magis
769 666 830 719 et
874 658 1256 739 pauperculis
1304 660 1744 719 communicare
1793 656 2049 737 debetiS,
2107 659 2244 737 quia
2292 664 2356 717 et

322 750 434 811 deo
474 750 776 828 acceptior
804 754 865 808 et
891 747 1121 807 homini
1147 746 1500 808 laudabilior
1527 747 1954 827 misericordia,
1993 764 2145 824 quae
2175 764 2353 825 aegro
2384 766 2413 807 5

248 853 283 904 5
321 839 547 918 hospiti
583 854 652 897 ac
690 838 1008 917 peregrino
1038 854 1347 916 egenoque
1376 835 1662 897 defertur.
1722 834 1935 895 Moneo
1966 853 2124 915 sane,
2155 837 2206 894 si
2237 853 2356 913 qua

321 928 547 989 fuerint
584 925 844 1005 paranda
880 924 1290 1005 medicamina,
1328 943 1403 985 ne
1432 923 1656 1004 absque
1685 924 1915 985 medico
1955 931 2058 984 aut
2094 925 2356 984 incurio-

322 1017 449 1078 sius
505 1021 919 1094 conponantur
975 1022 1078 1075 aut
1131 1014 1514 1092 indiligenter
1568 1012 1917 1074 habeantur.
2009 1012 2156 1072 Nam
2214 1013 2356 1074 licet

322 1105 719 1167 attentissime
767 1105 997 1183 species
1045 1111 1104 1164 et
1151 1121 1463 1163 mensuras
1511 1103 1848 1182 specierum
1897 1101 2178 1162 remediis
2225 1103 2356 1179 qui-

322 1194 557 1274 busque
594 1193 969 1272 adscripsero
1008 1200 1070 1253 et
1106 1194 1374 1271 ipsarum
1413 1209 1830 1253 mensurarum
1874 1199 2045 1252 notas
2083 1191 2173 1251 vel
2208 1208 2353 1269 pon·
2385 1211 2444 1252 ιο

323 1284 534 1345 derum
581 1281 896 1362 qualitates
944 1281 1271 1342 secundum
1321 1280 1605 1341 Graecam
1652 1281 2031 1342 traditionem
2075 1286 2135 1340 et
2173 1279 2354 1340 medi·

324 1390 532 1434 corum
581 1378 850 1432 veterum
898 1369 1393 1431 consuetudinem
1452 1387 1721 1431 seorsum
1771 1368 1966 1429 libello
2013 1369 2154 1429 huic
2200 1370 2356 1428 inse·

322 1479 504 1522 ruero
552 1467 613 1521 et
654 1478 775 1520 non
822 1459 1014 1520 solum
1060 1459 1341 1540 Romana,
1386 1450 1491 1519 sed
1540 1460 1720 1520 etiam
1765 1458 1938 1519 Graia
1985 1458 2357 1538 expositione

325 1551 649 1632 digessero,
695 1557 895 1610 tamen
934 1567 966 1609 e
1006 1566 1070 1609 re
1110 1555 1218 1629 est,
1253 1556 1321 1609 ut
1355 1547 1503 1608 haec
1542 1548 1747 1609 eadem
1787 1566 1927 1609 cum
1967 1538 2357 1626 peritioribus

325 1639 712 1701 conferantur
757 1656 825 1698 ac
873 1639 1110 1717 saepius
1156 1644 1561 1699 retractentur
1607 1644 1669 1698 et
1715 1655 1864 1717 quae
1913 1636 2183 1697 confecta
2230 1635 2355 1696 fue·
2386 1656 2443 1697 15

324 1731 448 1790 rint
493 1728 585 1789 vel
630 1735 833 1808 parata
881 1728 1268 1788 medicamina
1317 1726 1429 1789 sub
1469 1726 1789 1806 signaculis
1827 1742 2065 1804 semper
2099 1724 2357 1785 habean-

323 1825 452 1897 tur,
500 1835 575 1878 ne
622 1824 726 1877 aut
772 1834 947 1877 casus
993 1817 1219 1878 incidat
1262 1824 1368 1877 aut
1414 1814 1748 1895 malignitas
1794 1814 2045 1876 alicuius
2091 1813 2358 1894 obrepat,

327 1925 477 1986 quae
532 1904 809 1968 benivole
857 1913 918 1966 et
964 1906 1198 1966 sincere
1245 1911 1452 1984 parata
1498 1912 1859 1985 corrumpat,
1908 1906 2104 1982 sitque
2153 1903 2225 1963 de
2265 1920 2357 1963 re·

324 1995 520 2057 medio
575 2011 871 2054 venenum
936 2001 997 2054 et
1056 1994 1129 2055 de
1192 1992 1541 2055 salubritate
1601 1995 1900 2075 pernicies
1961 1994 2357 2072 culpeturque

254 2101 287 2148 6
325 2084 645 2164 medicina,
711 2100 847 2142 cum
922 2084 1186 2161 peccarit
1258 2084 1506 2144 incuria.
1607 2082 1675 2143 In
1741 2100 1971 2143 summa
2046 2100 2142 2142 me
2206 2080 2355 2142 haec
2385 2100 2441 2142 20

325 2172 581 2250 benigne
627 2188 867 2251 parasse
906 2178 967 2231 et
1003 2179 1201 2232 tamen
1240 2189 1423 2251 super
1460 2171 1555 2232 his
1593 2174 1896 2232 monuisse
1936 2171 2211 2250 sufficiet,
2252 2189 2358 2231 vos

324 2260 572 2342 perinde
630 2261 870 2321 sanitati
924 2268 1156 2321 vestrae
1211 2258 1417 2340 atque‘
1448 2263 1714 2340 opinioni
1768 2278 1935 2321 meae
1982 2259 2357 2320 consuluisse

327 2351 657 2411 conveniet.
714 2348 1015 2427 Epistulas
1045 2367 1283 2429 quoque
1314 2368 1540 2424 eorum,
1581 2368 1835 2430 quorum
1865 2349 2129 2410 studium
2159 2366 2357 2409 aemu-

327 2439 510 2500 latum
557 2456 651 2498 me
699 2456 831 2498 esse
888 2441 1128 2519 scripsi,
1184 2437 1325 2499 huic
1373 2441 1567 2520 operi,
1622 2457 1698 2499 ne
1755 2438 1899 2517 quid
1947 2438 2209 2518 deesset,
2257 2437 2357 2498 ad·

325 2529 468 2610 ieci,
516 2545 769 2608 quarum
815 2527 991 2588 lectio
1039 2535 1100 2588 et
1144 2529 1396 2589 incitare
1443 2546 1549 2588 vos
1595 2527 1669 2588 ad
1714 2529 2111 2589 necessariam
2158 2528 2358 2606 cogni·
2388 2546 2443 2587 25

256 2636 287 2685 7
325 2619 551 2679 tionem
598 2625 658 2679 et
703 2618 1005 2678 instruere
1042 2619 1264 2695 poterit
1301 2617 1374 2677 ad
1413 2617 1682 2678 salutem.
1757 2615 2081 2677 Versiculis
2119 2634 2357 2697 quoque

325 2706 577 2768 lusimus
615 2707 962 2785 migmatum
993 2713 1053 2767 et
1091 2708 1427 2785 specierum
1465 2705 1797 2785 digestione
1835 2707 2199 2788 compositiS,
2238 2723 2358 2766 non

327 2795 485 2876 quod
534 2797 613 2855 sit
658 2795 900 2874 dignum
940 2795 1160 2874 aliquid
1199 2796 1261 2856 in
1301 2797 1582 2878 carmine,
1621 2795 1726 2856 sed
1763 2803 1831 2856 ut
1865 2796 2152 2856 lectorem
2191 2813 2357 2856 scru-

325 2892 699 2964 tatoremque
753 2883 933 2945 huius
991 2886 1189 2964 operis
1246 2892 1307 2945 et
1360 2902 1570 2964 poema
1625 2884 1886 2964 pelliciat
1942 2891 2003 2945 et
2058 2885 2357 2965 exoptatio

326 2973 539 3034 blanda
595 2972 888 3035 conciliet.
973 2972 1143 3045 Quod
1202 2974 1557 3052 opusculum
1611 2976 1674 3034 in
1719 2975 1921 3035 infima
1967 2982 2134 3053 parte
2180 2973 2359 3034 huius
2388 2992 2442 3032 so
2539 3054 2562 3059 .‚

329 3063 553 3124 codicis
608 3062 915 3143 collocavi,
972 3070 1032 3123 et
1086 3070 1155 3123 ut
1210 3080 1486 3123 sermone
1540 3070 1748 3124 nostro
1805 3080 1986 3143 opera
2040 3062 2186 3123 haec
2244 3062 2357 3124 sol·

236 3215 248 3224 ,
328 3151 499 3213 lertia
546 3158 750 3212 nostra
799 3154 1127 3232 composita
1173 3150 1526 3212 claudantur
1564 3160 1624 3213 et
1662 3170 1849 3232 nugas
1887 3160 2123 3213 nostras
2160 3151 2358 3213 multi·

328 3240 465 3321 plex
511 3241 789 3301 foliorum
837 3240 991 3301 celet
1037 3240 1325 3302 obiectus.
