2575 4092
975 276 1102 330 ⁴-
1198 241 1332 307 215
1420 279 1508 287 -

248 403 395 461 teris
454 402 820 481 summatim,
875 402 1094 464 adicies
1153 406 1519 465 semunciam
1574 405 1891 486 zingiberis
1947 412 2008 466 et
2053 407 2279 485 piperis

248 491 380 550 triti
427 522 513 532 —-
552 488 623 570 ΙΙ,
668 490 1002 569 petrosilini
1055 525 1131 535 —
1175 491 1198 551 l
1249 501 1311 554 et
1356 494 1533 554 simul
1578 496 1799 556 iterum
1844 495 2162 574 discoques
2208 513 2276 556 ac

248 585 458 657 postea
503 578 784 639 miscebis
832 579 1098 662 mulsam,
1145 580 1249 642 ubi
1296 590 1464 643 cocta
1512 582 1737 643 fuerint
1773 583 2053 662 cydonea,
2098 592 2278 664 atque

249 669 332 728 ita
388 669 451 726 in
506 668 743 729 vasculo
798 670 973 729 vitrio
1027 670 1322 731 recondes
1389 680 1449 732 et
1503 689 1640 732 cum
1696 690 1846 751 opus
1901 672 2108 748 fuerit,
2168 691 2280 751 per

193 776 221 817 5
251 755 518 816 cocleare
565 758 804 817 ieiunus
848 759 1124 838 accipies,

432 843 735 905 Stomachi
773 854 832 906 et
869 848 1078 925 capitis
1121 846 1376 928 dolores,
1415 855 1641 909 tussem
1680 865 1917 928 quoque
1945 847 2268 929 longasque
2284 863 2390 914 12⁷

252 933 656 1011 aegritudines
712 942 881 995 curat
935 943 996 995 et
1051 935 1429 1014 dysintericis
1485 937 1786 1017 medetur,
1844 936 2281 1016 leptopyrexias

252 1030 437 1101 sanat,
474 1021 666 1083 dolori
704 1025 881 1084 etiam
920 1023 1180 1085 faucium
1219 1032 1278 1086 et
1308 1026 1641 1105 synanchae
1671 1027 1974 1087 succurrit
2008 1025 2124 1086 tale
2160 1044 2280 1086 me-

251 1110 551 1171 dicamen:
604 1110 836 1190 Piperis
882 1112 998 1172 albi
1052 1146 1126 1156 —
1173 1113 1199 1173 1
1238 1113 1306 1192 8,
1355 1113 1547 1175 mellis
1594 1116 1775 1176 Attici
1826 1147 1902 1158 ·—
1947 1113 1973 1173 1
2011 1113 2078 1195 S,
2125 1116 2282 1176 asari

167 1220 224 1258 ιο
258 1232 335 1242 -
367 1197 410 1278 1,
447 1201 795 1281 vettonicae,
833 1201 1175 1283 saxifragae,
1212 1204 1405 1263 casiae
1442 1203 1673 1265 fistulae
1712 1203 1948 1283 pondus
1986 1210 2280 1283 utsupra.

249 1287 410 1348 Haec
457 1290 653 1348 omnia
699 1292 841 1350 trita
887 1308 1023 1350 cum
1070 1290 1419 1370 despumato
1466 1292 1637 1354 melle
1677 1291 1957 1353 miscebis
2003 1300 2064 1353 et
2109 1291 2280 1353 dabis

250 1376 611 1437 coclearium
657 1378 880 1455 grande
926 1378 1167 1457 plenum
1210 1397 1283 1439 ex
1321 1380 1560 1442 condito
1597 1383 1868 1462 mixtum,
1914 1380 2280 1442 febricitanti

250 1483 392 1525 vero
441 1484 512 1525 ex
559 1484 709 1544 aqua
756 1467 959 1527 calida.

429 1554 777 1616 Antidotum
821 1546 1132 1635 multiplci
1179 1557 1250 1617 ad
1302 1557 1481 1618 multa
1525 1557 1786 1617 remedia
1833 1558 2047 1635 recipit
2090 1556 2388 1619 haec2128

166 1663 224 1704 15
253 1642 427 1703 Croci
466 1636 544 1729 91
575 1642 695 1717 XV,
733 1646 959 1723 piperis
996 1644 1113 1705 albi
1148 1678 1225 1689 —
1257 1645 1312 1706 11
1342 1645 1401 1726 8,
1438 1646 1656 1705 amomi
1692 1647 2075 1723 semunciam,
2107 1662 2279 1723 pyre-

251 1732 374 1792 thri
421 1734 802 1811 semunciam,
851 1733 1025 1793 dauci
1061 1733 1282 1795 Cretici
1320 1735 1702 1811 semunciam,
1749 1732 1877 1793 folii
1912 1731 2280 1812 malabathri,

252 1820 702 1900 nardostachys,
751 1823 973 1903 casiae,
1023 1824 1141 1902 apii
1188 1824 1453 1904 seminis,
1501 1821 1753 1902 euforbi,
1800 1828 1970 1882 rutae
2016 1823 2280 1901 seminis,

252 1909 614 1987 petrosilini,
670 1927 839 1970 rosae
888 1912 1108 1991 siccae,
1155 1913 1276 1990 opii
1324 1911 1586 1990 singulas
1633 1912 1995 1989 semuncias,
2042 1908 2280 1987 opobal-

252 2000 404 2057 sami
463 1990 541 2083 9‘
590 1995 689 2078 vl,
743 1997 936 2058 mellis
991 1998 1132 2060 boni
1188 1999 1250 2060 P.
1299 1996 1377 2079 ΙΙ,
1434 2001 1694 2061 cinnami
1749 1999 2131 2059 semunciam.
2218 1996 2284 2057 Si

165 2108 222 2148 20
252 2105 375 2146 non
413 2087 596 2147 fuerit
631 2089 988 2168 cinnamum,
1031 2090 1230 2149 mittes
1269 2090 1463 2150 casiae
1506 2086 1738 2149 fistulae
1777 2085 2023 2166 duplum
2060 2104 2171 2166 pro
2210 2104 2282 2146 eo

252 2183 314 2235 et
359 2175 506 2236 haec
553 2177 749 2236 omnia
794 2183 970 2236 tunsa
1017 2176 1298 2238 criblabis
1343 2176 1589 2238 cribello
1634 2178 1803 2237 tenui
1840 2184 1903 2236 et
1938 2178 2025 2237 sic
2061 2177 2282 2237 misces

251 2266 459 2343 opium
506 2282 643 2325 cum
690 2263 862 2325 melle
905 2272 966 2326 et
1000 2268 1203 2327 mittes
1240 2269 1302 2327 in
1340 2267 1692 2328 mortarium
1730 2273 1792 2326 et
1828 2264 2282 2345 diligentissime

250 2362 433 2434 teres,
471 2353 659 2413 donec
698 2371 883 2414 unum
923 2373 1142 2434 corpus
1180 2356 1300 2437 fiat,
1346 2375 1415 2416 ac
1454 2356 1540 2416 sic
1579 2356 1774 2415 omnia
1813 2355 2107 2432 permixta
2144 2354 2282 2413 mit-

253 2450 346 2504 tes
392 2444 455 2502 in
501 2440 783 2502 doliolum
830 2444 1112 2524 vitreum3
1170 2462 1308 2504 cum
1355 2462 1504 2522 opus
1551 2442 1748 2523 fuerit,
1796 2461 1868 2503 ex
1911 2442 2027 2502 hoc
2075 2440 2282 2502 culicis

164 2551 223 2592 2⁵
253 2530 421 2591 fabae
468 2531 856 2610 Aegyptiacae
903 2532 1309 2609 magnitudine
1357 2549 1493 2592 cum
1541 2548 1726 2610 aquae
1768 2530 2017 2609 frigidae
2054 2527 2283 2608 cyathis

251 2618 450 2680 tribus
485 2621 657 2698 potui
693 2618 877 2700 dabis,
925 2621 1293 2700 iocinerosiS,
1337 2622 1440 2699 qui
1484 2621 1653 2680 iecur
1682 2621 1940 2698 graviter
1976 2616 2283 2693 dolebunt,

252 2727 399 2769 cum.
437 2710 573 2767 vino
619 2707 811 2768 mulso
858 2707 1044 2788 dabis,
1092 2716 1159 2769 ut
1204 2704 1720 2789 suprascriptum
1768 2715 1878 2787 est,
1930 2707 2282 2787 epilepticiS,

253 2815 406 2876 quos
444 2796 701 2857 caducos
739 2797 963 2877 dicunt,
1002 2796 1169 2857 dabis
1210 2805 1276 2858 ut
1314 2815 1511 2877 supra,
1550 2796 1883 2875 pleuriticis
1920 2813 2059 2856 cum
2095 2812 2284 2874 aquae

251 2884 479 2946 mulsae
537 2884 704 2945 dabis
760 2885 988 2965 cyathis
1043 2885 1265 2966 tribus,
1323 2885 1692 2946 stomachum
1750 2882 2088 2944 dolentibus
2145 2901 2282 2942 cum

166 2993 225 3034 so
255 2992 471 3053 poscae
529 2974 756 3053 cyathis
811 2973 1032 3052 tribuS,
1089 2974 1495 3053 dysintericis,
1551 2976 1655 3052 qui
1713 2972 2018 3052 persoluto
2074 2978 2282 3032 ventre

256 3072 424 3143 sunt,
481 3081 617 3123 cum
665 3081 816 3142 aqua
862 3062 1076 3140 frigida
1123 3062 1315 3143 dabis,
1372 3061 1694 3141 periodicis
1740 3061 2008 3123 febribus
2055 3062 2159 3140 qui
2205 3060 2286 3122 la-

256 3150 487 3233 borant,
524 3151 582 3211 id
624 3159 717 3212 est
754 3151 1197 3212 accessionibus
1235 3151 1469 3212 diurnis
1503 3159 1562 3212 et
1590 3152 1919 3230 nocturniS,
1957 3168 2094 3210 cum
2132 3167 2287 3228 aqua

254 3240 443 3301 calida
500 3240 695 3320 dabis;
753 3239 971 3319 quibus
1028 3239 1237 3300 dentes
1297 3238 1500 3300 dolent
1545 3246 1606 3300 et
1657 3239 1875 3318 quibus
1924 3240 2165 3315 sanguis
2211 3236 2288 3297 de

257 3331 512 3407 gingivis
558 3328 783 3410 defluit,
830 3347 965 3389 cum
1003 3347 1182 3408 posca
1230 3327 1445 3407 frigida
1483 3336 1585 3389 aut
1622 3346 1761 3388 cum
1797 3330 1934 3387 vino
1973 3324 2158 3404 dabis,
2203 3327 2288 3386 ita

256 3434 269 3451 ⁸
332 3474 339 3479 '
438 3471 469 3520 7
509 3462 863 3519 disintericis.
962 3461 1374 3533 leptoperitias.
1477 3468 1510 3518 8
1549 3461 1821 3515 sinanchi.
1925 3464 1993 3513 15
2030 3458 2289 3528 pirethri.

264 3540 328 3588 16
374 3534 749 3615 malabathri]
790 3533 1080 3589 alabastri.
1265 3541 1332 3589 17
1379 3529 1785 3614 nardostachis.
1967 3535 2035 3584 22
2084 3528 2289 3587 mittis.

260 3610 327 3660 27
366 3606 797 3675 epilempthims.
945 3611 1012 3659 30
1051 3605 1242 3674 cyatis.
1391 3604 1763 3670 disyntencis.
