2575 4092
1041 279 1472 343 ...27-

243 441 496 500 castorei
533 439 582 500 X
620 438 663 501 1.
729 439 1035 501 Teruntur
1077 440 1224 502 haec
1263 443 1460 502 omnia
1500 460 1638 503 cum
1679 452 1847 504 aceto
1885 451 1944 504 et
1980 443 2130 504 flunt
2164 462 2264 524 pa·

243 527 407 610 stilli3
475 548 611 590 cum
667 548 818 609 opus
874 537 993 609 est,
1055 530 1367 591 diluuntur
1422 539 1590 592 aceto
1644 539 1707 592 et
1759 549 1896 592 rosa
1950 532 2012 592 in
2071 532 2263 593 mellis

241 618 691 697 spissitudinem
735 627 911 698 atque
957 621 1039 679 ita
1086 619 1252 679 frons
1291 626 1351 679 et
1387 626 1653 700 tempora
1689 619 2056 682 oblinuntur.
2123 620 2263 682 Per·
2301 629 2334 679 6

240 714 515 768 manente
577 725 722 768 vero
785 709 996 787 capitis
1070 707 1274 769 dolore
1348 711 1656 769 materiam
1731 727 1968 789 quoque
2038 712 2265 771 umoris
2357 776 2366 785 ,

192 810 216 852 ⁶
241 805 475 874 oportet
520 795 834 857 detrahere
881 814 954 857 ex
1002 814 1071 857 eo
1117 814 1226 876 per
1281 814 1459 858 nares
1512 797 1604 858 vel
1651 816 1759 877 per
1814 816 1908 880 os3
1968 816 2119 878 quae
2166 816 2265 860 res

240 887 411 945 etiam
460 885 788 946 auriculam
824 884 915 946 vel
954 885 1190 947 dentem
1240 885 1577 948 dolentibus
1624 886 1872 965 prodest
1916 905 2028 948 nec
2065 889 2266 948 minus

237 975 326 1056 iis,
364 973 587 1052 quibus
616 972 848 1035 subitae
875 975 1199 1053 vertigines
1228 974 1640 1058 obversantur,
1669 993 1821 1056 quos
1850 978 2265 1038 scotomaticos

239 1061 447 1123 Graeci
494 1063 730 1143 dicunt3
775 1064 916 1124 item
957 1062 1238 1124 comitiali
1274 1063 1483 1124 morbo
1520 1066 1815 1144 correptis
1853 1065 2113 1145 prodest,
2160 1065 2264 1126 sed

238 1159 296 1211 et
341 1151 596 1230 caligine
641 1151 939 1231 inpeditos
986 1170 1059 1212 ex
1100 1169 1311 1231 magna
1349 1160 1519 1231 parte
1557 1152 1725 1215 levat.
1799 1153 2031 1215 Debent
2066 1160 2264 1215 autem

166 1255 214 1295 10
239 1241 280 1300 ii
324 1239 600 1302 homines
645 1240 835 1320 pridie
883 1240 1182 1301 abstinere
1229 1248 1291 1302 et
1335 1241 1747 1321 superioribus
1793 1241 2005 1303 diebus
2052 1260 2265 1322 aquam

235 1335 456 1407 potare.
537 1329 654 1389 Per
710 1348 883 1390 nares
931 1348 1073 1409 ergo
1119 1338 1413 1409 purgatur
1458 1339 1637 1410 caput
1680 1330 1776 1392 his
1822 1330 2004 1392 rebus
2051 1331 2265 1393 infusis
2304 1336 2337 1388 ‘1

234 1436 340 1496 per
365 1436 579 1500 cornu,
609 1417 768 1498 quod
796 1418 1020 1479 Graece
1048 1417 1471 1498 rhinenchytes
1504 1427 1776 1481 vocatur:
1820 1418 2089 1481 Hederae
2118 1438 2265 1482 suco

234 1523 339 1586 per
394 1526 460 1568 se
518 1506 613 1567 vel
668 1506 838 1568 betae
885 1525 1031 1569 suco
1087 1526 1223 1568 cum
1281 1510 1495 1588 exiguo
1542 1507 1689 1569 flore
1736 1510 1892 1569 aeris
1938 1508 2030 1569 vel
2077 1509 2263 1590 cycla-

237 1598 411 1657 minis
478 1614 627 1657 suco
692 1597 877 1658 mixto
941 1596 1092 1657 lacte
1161 1604 1262 1657 aut
1328 1615 1478 1676 aqua
1532 1599 1662 1675 pari
1716 1615 2013 1658 mensura.
2105 1598 2264 1659 Bene
2302 1602 2336 1653 8

169 1697 214 1739 15
240 1683 502 1746 detrahit
566 1703 599 1745 e
664 1684 910 1746 naribus
973 1685 1267 1764 liquorem
1333 1693 1393 1745 et
1458 1684 1606 1745 haec
1670 1687 2028 1764 conpositio:
2095 1684 2264 1767 Salis,

237 1775 394 1855 nitri,
442 1776 618 1854 aceti,
662 1772 778 1834 olei
812 1775 1050 1848 veteriS,
1090 1774 1300 1854 melliS,
1340 1772 1707 1852 singularum
1747 1791 1951 1834 rerum
1989 1773 2038 1833 X
2077 1772 2267 1857 binos,

239 1863 582 1941 cyclaminis
635 1865 791 1944 suci,
849 1862 1153 1942 staphidos
1199 1865 1420 1942 agriaS,
1477 1879 1655 1941 quam
1700 1860 1945 1922 herbam
1993 1861 2268 1940 peducla-

134 1982 137 1985 ·
236 1953 408 2035 riam,
479 1951 640 2031 quod
697 1969 799 2012 eos
853 1959 1050 2033 necat,
1117 1950 1355 2031 quidam
1413 1950 1735 2032 appellant,
1792 1949 2161 2028 singulorum
2218 1950 2269 2012 X

235 2038 422 2102 binos.
520 2040 682 2101 Haec
746 2043 808 2101 in
871 2059 1057 2102 unum
1122 2043 1306 2101 mixta
1361 2039 1607 2101 naribus
1660 2057 1771 2119 per
1826 2057 2016 2100 cornu
2072 2040 2267 2101 infun·

163 2143 212 2184 ao
236 2128 487 2211 duntur,
554 2129 648 2190 vel
711 2132 892 2209 pinna
957 2129 1224 2208 longiore
1290 2147 1466 2190 nares
1530 2130 1785 2189 interius
1848 2128 2266 2208 perfricantur.

236 2217 384 2280 Cum
440 2221 591 2280 satis
635 2220 830 2280 visum
873 2219 1055 2279 fuerit
1100 2218 1343 2279 fluxisse
1392 2219 1621 2279 umoris
1672 2224 1775 2278 aut
1821 2220 2154 2301 sanguinis,
2200 2227 2269 2280 ut

233 2310 618 2388 reprimatur,
665 2326 814 2388 aqua
863 2307 1075 2386 frigida
1121 2325 1271 2386 pura
1318 2325 1494 2368 nares
1541 2306 1767 2368 diutius
1825 2305 1986 2368 oblui
2033 2315 2271 2386 oportet

234 2396 325 2457 vel
372 2415 556 2458 croco
602 2398 663 2457 in
711 2396 917 2457 eadem
963 2406 1262 2457 macerato
1300 2395 1509 2475 pridie.
1586 2394 1703 2456 Sed
1742 2397 1793 2455 si
1829 2413 1938 2475 per
1976 2414 2043 2456 os
2081 2398 2270 2475 magis
2307 2408 2340 2459 9

236 2484 557 2547 detrahere
614 2488 841 2546 umoris
898 2487 1205 2546 materiam
1261 2487 1456 2545 visum
1514 2483 1721 2565 suerit,
1778 2486 1914 2563 quia
1972 2502 2089 2543 non
2139 2486 2269 2544 sine

162 2588 211 2630 25
237 2582 538 2636 tormento
605 2574 858 2654 quodam
923 2592 1032 2655 per
1095 2591 1270 2634 nares
1336 2592 1405 2634 ea
1469 2572 1813 2652 deducitur,
1888 2571 2270 2633 suadebimus

236 2664 508 2744 pyrethri
564 2663 887 2725 radiculam
943 2659 1434 2724 commanducare
1481 2669 1660 2741 atque
1707 2661 1959 2722 subinde
2008 2660 2268 2721 hiantem

237 2755 358 2831 pati
413 2752 668 2813 fluorem
725 2752 966 2832 salivae,
1022 2751 1114 2811 vel
1170 2769 1342 2811 uvam
1397 2768 1631 2830 passam
1688 2768 1824 2811 cum
1880 2752 2106 2830 piperis
2153 2748 2272 2810 albi

238 2842 487 2903 totidem
544 2844 745 2919 granis
797 2840 1067 2901 dabimus
1114 2839 1719 2900 commanducandam
1776 2845 1837 2899 et
1883 2838 2270 2919 expuendam,

238 2947 429 3010 aeque
495 2932 653 2991 enim
718 2939 777 2991 et
839 2929 986 2990 haec
1049 2928 1354 2989 deducunt
1408 2929 1703 3008 pituitam.
1795 2927 1956 2988 Bene
2015 2927 2156 2987 facit
2211 2933 2272 2987 et

164 3041 215 3082 so
242 3021 449 3098 senapi
496 3037 567 3080 ex
615 3026 782 3079 aceto
829 3020 1064 3098 tritum,
1113 3017 1216 3078 sed
1263 3035 1384 3077 non
1431 3024 1856 3098 excastratum,
1903 3017 2271 3095 gargarizare

242 3109 423 3169 trium
481 3107 831 3188 cyathorum
888 3125 1166 3168 mensura
1223 3105 1481 3167 admixta
1536 3105 1728 3167 mellis
1775 3104 1925 3167 libra
1973 3124 2116 3187 una3
2173 3105 2273 3166 de-

243 3195 425 3257 trahit
464 3200 620 3257 enim
660 3204 719 3256 et
754 3196 902 3257 haec
940 3196 1273 3274 conpositio
1312 3195 1554 3273 largiter
1590 3195 1882 3273 pituitam.
1947 3193 2094 3255 Cum
2130 3211 2270 3254 vero
2312 3206 2378 3257 10

245 3282 347 3344 diu
403 3293 582 3365 caput
630 3285 815 3366 dolet,
873 3293 932 3346 et
979 3284 1294 3345 adtonderi
1339 3285 1607 3361 pressius
1654 3291 1714 3344 et
1760 3283 1962 3343 adradi
2009 3282 2273 3362 prodest,

246 3381 311 3433 ut
364 3376 556 3453 possit
610 3374 837 3435 diutius
894 3375 1122 3452 fricari,
1178 3379 1239 3433 et
1293 3390 1445 3451 aqua
1501 3371 1686 3433 calida
1742 3373 1930 3432 foveri
1985 3389 2134 3449 pura
2182 3370 2275 3430 vel

384 3516 419 3563 4
453 3508 722 3564 humoris.
812 3516 842 3564 7
882 3508 1296 3564 scutomaticos.
1368 3511 1401 3561 8
1442 3506 1753 3562 cumiciale.
1833 3512 1898 3560 10
1929 3504 2013 3559 hii
2042 3503 2272 3559 omines.

246 3579 526 3638 abstineri.
625 3587 689 3635 12
727 3579 1065 3649 rhinecytes.
1158 3584 1225 3633 21
1262 3578 1530 3632 humoris.
1624 3583 1692 3632 26
1729 3575 1942 3645 pyretri
2042 3580 2109 3629 27
2148 3591 2276 3631 cum

255 3665 352 3707 om.
427 3656 495 3707 28
535 3650 1124 3708 cummanducandam.
1199 3656 1268 3705 29
1306 3649 1505 3717 heque.
1582 3653 1648 3701 31
1696 3646 1898 3701 libram
1938 3662 2122 3700 unam.
