2575 4092
1027 236 1336 302 —269
1434 272 1510 282 —

250 396 416 478 theS,
462 396 523 457 id
571 406 664 458 est
706 405 986 479 nepetae,
1033 431 1119 441 -—
1157 398 1228 479 ll,
1277 398 1352 459 sil
1395 400 1737 480 pictoriam,
1779 400 2024 479 piperiS,
2071 399 2285 481 sucini,

250 486 609 568 saxifragae,
663 485 1040 569 petroselini,
1096 489 1326 568 cyperi,
1385 487 1706 567 zingiberis
1761 489 1969 549 uncias
2021 486 2283 567 singulas

251 574 471 636 tundes
518 582 579 635 et
624 574 917 636 cribrabis
964 583 1025 636 et
1070 576 1430 638 coclearium
1478 575 1721 655 plenum
1770 595 1908 638 cum
1942 577 2065 639 vini
2100 578 2284 638 mixta

251 673 316 725 et
361 663 549 724 calida
592 666 834 743 potione
880 666 1080 726 ieiuno
1128 664 1453 726 bibendum
1500 663 1683 726 dabis.

189 773 220 813 5
429 752 519 813 Ad
556 752 848 814 calculum
886 754 1219 815 remedium
1257 756 1476 815 mirum
1513 755 1626 816 sic:
1671 752 1985 835 Hederam,
2022 772 2172 833 quae
2210 755 2272 814 in
2289 766 2389 816 115

254 858 486 921 quercu
532 850 670 903 nata
706 842 906 922 fuerit,
948 842 1288 904 vulnerabis
1327 860 1514 924 cupro
1552 850 1613 904 et
1647 845 1958 923 permittes
1996 860 2284 924 umorem,

253 932 360 1009 qui
403 929 543 991 inde
588 933 934 1014 manaverit,
978 932 1250 994 indurari
1295 934 1359 993 in
1407 931 1648 993 modum
1685 932 2032 1012 gumminis3
2077 939 2284 1010 postea

254 1018 560 1080 sublatum
606 1020 844 1081 condito
882 1020 1145 1082 resolves
1183 1029 1244 1083 et
1279 1020 1637 1082 admiscebis
1675 1028 1738 1082 et
1773 1019 1961 1101 bibes,
2008 1022 2285 1099 quotiens

251 1125 403 1169 usus
449 1111 731 1189 exegerit.

168 1218 226 1258 ιο
433 1196 667 1258 Herbae
705 1198 967 1278 fysalidis
1005 1198 1185 1260 bacas
1217 1207 1421 1260 ternas
1456 1217 1567 1278 per
1603 1199 1870 1260 triduum
1908 1198 2148 1278 gluttiat
2174 1200 2392 1278 quiue

250 1289 517 1347 vessicae
564 1286 791 1348 calculo
839 1287 1079 1349 dolebit.
1161 1288 1394 1349 Herbae
1439 1288 1816 1350 Britannicae
1858 1288 2091 1349 radices
2137 1299 2390 1349 con-117

251 1375 474 1436 tundes
531 1384 593 1437 et
647 1383 817 1437 terna
875 1376 1134 1457 scripula
1190 1396 1263 1438 ex
1308 1395 1461 1456 aqua
1508 1376 1695 1439 calida
1740 1376 2037 1439 calculoso
2083 1378 2284 1438 ieiuno

252 1466 429 1544 potui
470 1483 580 1543 per
624 1465 894 1526 triduum
942 1465 1125 1527 dabis,
1198 1465 1485 1527 Eiusdem
1529 1465 1751 1527 herbae
1798 1484 2009 1527 sucum
2046 1483 2285 1544 expres-

255 1571 394 1614 sum
436 1555 499 1613 in
547 1553 771 1632 duplici
815 1572 955 1632 vaso
1011 1555 1311 1635 decoques
1366 1556 1448 1615 ita
1504 1562 1572 1615 ut
1630 1557 1761 1616 suci
1815 1556 1945 1616 eius
2000 1553 2286 1615 naturalis

171 1662 227 1703 15
258 1644 556 1704 sextarius
602 1643 722 1724 fiat,
769 1661 946 1722 quem
992 1662 1130 1704 cum
1176 1643 1369 1704 mellis
1416 1644 1749 1723 despumati
1792 1643 2030 1705 hemina
2074 1644 2285 1703 misce·

253 1730 351 1791 bis
406 1739 466 1792 et
519 1739 727 1811 postea
781 1734 845 1792 in
894 1750 958 1793 se
1005 1732 1305 1812 decoques
1355 1739 1416 1794 et
1461 1751 1599 1793 cum
1645 1733 1906 1794 colorem
1950 1733 2286 1812 mutaverit,

253 1819 640 1899 refrigerabis
687 1829 864 1900 atque
910 1821 1049 1882 inde
1096 1821 1362 1883 cocleare
1410 1839 1598 1882 unum
1644 1840 1719 1883 ex
1764 1840 1916 1901 aqua
1968 1821 2178 1902 calida,
2236 1824 2285 1881 si

253 1908 640 1971 vehementer
685 1909 1066 1992 febricitabit,
1103 1910 1400 1971 calculoso
1435 1913 1607 1990 potui
1643 1910 1829 1992 dabis,
1872 1913 2071 1972 statim
2108 1913 2287 1971 etiam

257 1997 444 2060 febris
501 2000 912 2080 extinguetur3
969 2001 1021 2060 si
1075 2018 1216 2061 vero
1273 2002 1402 2061 sine
1457 1998 1613 2060 febri
1658 2001 1798 2081 erit,
1855 2017 1929 2060 ex
1973 2002 2110 2061 vino
2157 2018 2288 2060 eam

169 2107 226 2147 20
255 2088 563 2166 potionem
610 2087 849 2149 debebit
895 2091 1185 2167 accipere.

435 2176 527 2237 Ad
571 2179 808 2238 renium
856 2176 1122 2239 dolorem
1169 2177 1558 2257 emplastrum
1604 2177 1749 2239 utile
1797 2180 1911 2239 sic:
1973 2178 2276 2257 Axungiae
2292 2187 2392 2238 118

256 2266 479 2326 veteris
524 2263 587 2326 P.
625 2266 704 2347 11,
752 2267 975 2327 farinae
1022 2265 1084 2328 δ’
1123 2265 1168 2349 1,
1214 2267 1328 2328 olei
1374 2265 1436 2327 P.
1476 2265 1530 2348 1,
1581 2286 1753 2329 cerae
1801 2266 2097 2327 selibram.
2180 2266 2286 2328 His

257 2353 596 2433 liquefactis
651 2355 872 2416 adicies
936 2355 1200 2435 sulpuris
1259 2357 1506 2417 contriti
1570 2355 1878 2439 selibram,
1940 2358 2085 2416 nitri
2149 2374 2286 2418 con·

256 2444 389 2503 triti
436 2451 497 2503 et
542 2443 787 2505 cribrati
834 2444 1130 2527 selibram,
1168 2447 1364 2506 omnia
1409 2445 1798 2523 permiscebis
1851 2452 1912 2505 et
1948 2462 2287 2524 concoques

175 2550 230 2591 25
258 2539 439 2611 atque
484 2532 623 2593 inde
670 2551 847 2593 renes
894 2532 1250 2594 confricabis
1296 2532 1391 2593 vel
1435 2551 1603 2593 more
1649 2532 1957 2614 emplastri
2006 2533 2285 2612 adpones.

259 2620 521 2681 Herbam
559 2620 836 2682 Sabinam
882 2624 945 2682 in
989 2624 1271 2683 mortario
1314 2631 1475 2681 teres
1513 2629 1575 2682 et
1611 2627 1749 2683 cum
1787 2624 2039 2702 axungia
2073 2629 2390 2683 vetere119

259 2710 503 2789 subiges
549 2718 609 2771 et
655 2712 741 2771 sic
787 2710 1033 2772 renibus
1078 2710 1358 2789 adponeS.

439 2798 530 2860 Ad
578 2802 785 2860 urinae
822 2801 1313 2861 incontinentiam
1350 2799 1681 2860 remedium
1720 2801 1834 2862 sic:
1878 2798 2149 2860 Feniculi
2185 2816 2276 2859 ra-
2292 2811 2394 2861 120

261 2889 458 2950 dicem
504 2896 566 2949 et
610 2888 1015 2950 ramusculum
1061 2890 1188 2949 ervi
1231 2887 1532 2949 contunde
1580 2894 1642 2948 et
1686 2906 1758 2948 ex
1799 2889 1936 2949 vino
1976 2893 2175 2948 vetere
2216 2887 2289 2948 da

178 2995 233 3035 so
261 2976 606 3059 bibendum,
645 2979 927 3039 continuo
965 2976 1341 3038 remediabiS.
1412 2976 1656 3037 Urinam
1693 2979 1962 3038 continet
1994 2976 2084 3037 lac
2123 2979 2279 3038 cani-
2295 2989 2393 3037 121

263 3085 410 3127 num
465 3073 526 3126 et
580 3066 761 3145 adeps
818 3068 947 3128 eius
1003 3084 1140 3127 cum
1195 3066 1453 3127 alumine
1502 3065 1700 3148 datus,
1755 3068 1839 3127 ita
1884 3073 1951 3128 ut
1996 3067 2075 3127 sit
2121 3066 2288 3127 fabae

261 3154 670 3235 magnitudine
718 3155 993 3234 globulus
1040 3157 1145 3235 qui
1190 3155 1381 3216 datur.
1465 3153 1627 3216 Ciuis
1674 3154 2009 3216 coclearum
2054 3155 2279 3216 Africa·
2295 3166 2395 3216 122

258 3263 479 3306 narum
526 3253 872 3305 exustarum
917 3247 967 3305 si
1013 3252 1273 3326 potetur,
1319 3245 1527 3304 urinae
1573 3246 2061 3305 incontinentiam
2106 3244 2288 3304 sedat.

264 3334 564 3394 Anserum
619 3335 804 3394 trium
856 3332 1089 3413 linguas
1143 3335 1432 3394 inassatas
1497 3335 1549 3394 si
1605 3334 1739 3412 quis
1794 3333 2009 3413 ederit,
2073 3334 2281 3393 urinae
2296 3344 2397 3393 123

453 3475 481 3522 1
513 3467 632 3524 silis
658 3467 882 3540 pistorii
914 3468 1236 3524 Commius.
1360 3474 1426 3522 10
1453 3466 1735 3523 fissalidis.
1847 3473 1912 3521 11
1943 3467 2161 3522 calculo
2189 3482 2293 3523 om.

266 3540 593 3595 britanicae.
762 3544 827 3593 16
867 3540 1123 3596 calorem.
1291 3546 1358 3595 18
1392 3538 1756 3594 febricitauit.
1910 3545 1978 3593 32
2016 3538 2291 3608 globolus.

266 3611 405 3667 eicis
448 3610 800 3666 coclearium.
