2575 4092
1125 229 1714 293 ---244--κ

339 392 618 453 iocineris
666 402 725 451 et
769 390 1262 469 praecordiorum
1311 390 1596 451 duritiam
1643 398 1701 450 et
1749 389 1822 450 ad
1861 388 2126 450 dolorem
2164 407 2378 451 eorum

338 477 477 541 vere
536 481 841 560 convenit3
895 479 1167 558 proderit
1225 481 1404 540 etiam
1460 480 1624 539 omni
1682 478 1811 539 loco
1874 477 2100 538 dolenti
2154 480 2379 557 inposi-

339 578 485 649 tum,
523 569 840 629 conficitur
877 570 990 629 sic:
1029 567 1264 651 Cyperi,
1305 569 1703 628 ammoniacae
1740 573 1960 646 guttae,
1998 566 2379 647 cardamomi,

340 656 618 737 bidellae,
674 658 855 737 turiS,
910 659 1142 717 resinae
1198 656 1666 734 terebinthinae,
1731 654 2103 733 singulorum
2167 658 2378 717 uncias

340 745 537 827 hinas3
584 754 683 807 tus
729 756 790 806 et
834 744 1052 806 bidella
1096 753 1479 806 macerantur
1524 745 1716 824 pridie
1762 745 1958 805 infusa
1995 746 2118 804 vini
2156 748 2378 806 veteris
2406 762 2434 803 5

341 837 618 915 sextario,
674 846 874 895 cetera
932 833 1413 915 contunduntur3
1469 832 1687 894 deinde
1741 851 1915 894 cerae
1960 832 2023 893 P.
2070 832 2095 893 1
2152 843 2216 893 et
2261 832 2380 894 olei

342 926 576 1003 cyprini
612 920 674 984 *S*
706 922 731 982 Ι
776 941 912 984 cum
950 922 1357 984 terebinthina
1396 923 1710 1002 liquefiunt
1748 923 2083 1001 ceterisque
2123 923 2378 983 miscen-

345 1020 441 1073 tur
497 1021 557 1073 et
616 1013 719 1072 diu
778 1010 1050 1072 manibus
1097 1011 1486 1092 subiguntur3
1543 1010 1782 1090 quidam
1828 1010 2094 1071 adiciunt
2139 1028 2377 1091 myrrae

347 1133 424 1144 —
466 1100 508 1179 1,
556 1102 720 1161 croci
770 1133 846 1144 -
888 1099 934 1180 1,
978 1102 1239 1160 cinnami
1283 1134 1373 1143 ——
1415 1099 1457 1160 Ι.

270 1203 304 1251 3
520 1187 865 1265 Conpositio
907 1187 1054 1249 haec
1092 1189 1342 1249 mirifica
1382 1206 1502 1248 non
1539 1186 1735 1248 solum
1771 1186 1991 1267 lateris,
2039 1205 2249 1248 verum
2286 1191 2375 1249 in·
2406 1206 2463 1246 ιο

343 1287 722 1337 teraneorum
780 1275 1016 1337 dolores
1073 1279 1313 1338 minuit:
1387 1276 1621 1337 Herbae
1676 1278 1984 1354 gentianae
2039 1275 2205 1354 drag.
2249 1276 2378 1355 XX,

343 1367 452 1425 iris
489 1364 756 1444 Illyricae
795 1364 956 1443 drag.
994 1364 1162 1444 XLV,
1201 1384 1433 1446 myrrae
1469 1361 1627 1444 drag.
1668 1364 1737 1445 X,
1785 1366 2010 1444 piperis
2048 1363 2207 1444 drag.
2248 1365 2378 1426 XII.

347 1454 678 1534 Separatim
725 1456 919 1514 omnia
965 1456 1027 1515 in
1075 1454 1382 1533 pulverem
1425 1453 1662 1515 redacta
1701 1455 1949 1514 misceto
1988 1462 2166 1533 atque
2208 1454 2376 1515 adice

344 1543 438 1603 his
499 1542 686 1603 mellis
745 1544 955 1621 optimi
1015 1542 1350 1623 despumati
1407 1542 1564 1621 quod
1626 1545 1769 1603 satis
1826 1541 2124 1603 videbitur
2187 1551 2248 1603 et
2303 1543 2377 1604 ad

347 1631 812 1710 magnitudinem
871 1634 1042 1692 nucis
1098 1631 1393 1692 avellanae
1449 1649 1586 1692 cum
1642 1649 1828 1710 aquae
1877 1631 2099 1691 calidae
2145 1632 2377 1711 cyathis
2408 1648 2463 1689 15

347 1720 542 1780 tribus
588 1722 758 1799 potui
805 1719 957 1780 dato.

275 1818 311 1867 4
525 1807 741 1888 Herba,
790 1827 940 1888 quae
987 1812 1093 1869 iris
1131 1807 1481 1888 appellatur,
1527 1811 1781 1869 maxime
1820 1811 1872 1869 si
1911 1808 2203 1869 silvestris
2243 1812 2378 1888 erit,

277 1907 309 1956 ὅ
347 1896 586 1977 inligata
625 1897 798 1957 lateri
826 1896 1090 1958 dolorem
1121 1901 1251 1958 eius
1280 1901 1557 1977 protinus
1585 1897 1756 1958 tollit.
1821 1896 2052 1957 Herbae
2083 1898 2380 1959 verbenae

348 1985 624 2048 solistitio
654 1985 935 2047 collectae
964 1988 1254 2047 arefactae
1296 1994 1356 2046 et
1384 1995 1666 2047 contusae
1704 1985 1899 2065 pulvis
1927 1988 1990 2045 in
2023 1985 2384 2048 cocliaribus

351 2076 615 2153 quinque
675 2073 920 2135 robusto
979 2083 1039 2135 et
1086 2074 1275 2135 valido
1325 2094 1395 2134 ex
1442 2077 1559 2135 vini
1607 2076 1841 2134 Aminei
1886 2076 2107 2135 veteris
2152 2075 2385 2154 cyathis
2414 2091 2469 2131 20

348 2162 564 2242 tribuS,
612 2160 976 2223 febricitanti
1023 2182 1096 2223 ex
1143 2182 1293 2242 aqua
1341 2162 1526 2223 calida
1575 2165 1746 2241 potui
1783 2163 1957 2223 datus
2001 2164 2151 2223 mire
2192 2162 2388 2224 dolori

274 2261 310 2309 6
346 2250 548 2310 lateris
595 2250 887 2311 medetur.
969 2250 1203 2311 Herbae
1257 2254 1568 2329 gentianae
1616 2260 1676 2313 et
1723 2247 2003 2329 sagapeni
2049 2249 2215 2330 drag.
2264 2255 2387 2312 sin·

346 2337 516 2416 gulae
565 2341 856 2400 contritae
907 2346 966 2399 et
1012 2358 1150 2400 cum
1197 2358 1383 2419 aquae
1432 2340 1654 2401 calidae
1702 2339 1930 2419 cyathis
1982 2339 2176 2400 tribus
2214 2344 2388 2418 potui

344 2427 512 2487 datae
561 2427 827 2487 dolorem
871 2428 1075 2489 lateris
1122 2429 1349 2510 sedant,
1396 2432 1446 2488 si
1492 2431 1555 2489 in
1602 2428 1777 2508 latuS,
1833 2427 1992 2508 quod
2031 2428 2208 2510 dolet,
2245 2440 2388 2508 post

345 2518 712 2576 curationem
758 2518 1029 2578 infirmus
1076 2516 1179 2578 diu
1227 2519 1497 2579 iacuerit.
2413 2534 2465 2574 2⁵

276 2616 307 2665 7
525 2604 590 2664 In
629 2604 820 2682 lapide
860 2605 1085 2685 iaspide
1115 2605 1367 2685 Phrygia
1408 2608 1673 2667 aerizusa
1712 2607 1762 2666 si
1806 2613 1945 2666 nota
1975 2605 2127 2666 infra
2157 2607 2385 2685 scripta

346 2692 641 2771 insculpta
682 2693 891 2774 fuerit,
917 2694 975 2753 id
1008 2702 1098 2754 est
1128 2709 1296 2770 555·
1326 2705 1385 2755 et
1413 2694 1564 2755 collo
1605 2693 1859 2755 dolentis
1887 2692 2042 2756 latus
2074 2694 2256 2755 fuerit
2287 2714 2386 2755 su—

277 2792 308 2842 8
350 2799 621 2860 spensuS,
649 2784 798 2841 mire
828 2783 1113 2861 proderit.
1162 2781 1396 2843 Herbae
1419 2785 1748 2844 vettonicae
1778 2781 2054 2843 foliorum
2086 2785 2147 2842 in
2168 2783 2386 2844 umbra

347 2870 636 2931 arefactae
676 2880 886 2931 tunsae
924 2872 1338 2950 cribrataeque
1371 2864 1450 2958 9-
1480 2871 1532 2931 11
1561 2891 1633 2932 ex
1661 2874 1783 2932 vini
1811 2879 1914 2932 aut
1942 2871 2121 2932 mulsi
2149 2872 2385 2951 cyathis

347 2957 580 3019 duobus
619 2960 789 3037 potui
829 2978 990 3041 sano,
1028 2960 1423 3021 febriculento
1462 2979 1533 3020 ex
1569 2979 1717 3039 aqua
1746 2960 1937 3020 mulsa
1966 2959 2201 3039 dantur,
2240 2980 2380 3023 con·
2411 2978 2463 3016 so

277 3060 308 3106 9
350 3046 546 3107 festim
589 3047 851 3108 dolorem
881 3048 1085 3109 lateris
1123 3048 1457 3109 emendant.
1532 3049 1680 3127 Apri
1715 3057 1949 3109 stercus
1978 3048 2212 3109 aridum
2242 3069 2383 3110 con·

352 3137 560 3196 tritum
586 3143 646 3195 et
667 3138 895 3215 potioni
914 3139 1251 3216 inspersum
1273 3137 1507 3197 dolores
1527 3137 1728 3198 lateris
1749 3145 1916 3198 sanat
1931 3139 2080 3197 mira
2095 3141 2382 3216 potentia.

246 3236 314 3286 10
531 3224 775 3285 Cocleae
815 3235 1121 3304 exemptae
1159 3234 1310 3286 testa
1351 3245 1457 3286 sua
1495 3233 1718 3286 etcum
1749 3227 1981 3304 ptisana
2006 3236 2211 3287 coctae
2240 3227 2382 3288 late·

345 3315 427 3372 ris
475 3312 781 3374 doloribus
827 3313 1161 3396 medentur,
1202 3314 1436 3393 melius,
1478 3317 1531 3375 si
1569 3332 1837 3375 umorem
1876 3316 2140 3393 ptisanae
2184 3317 2382 3394 ipsius

524 3524 559 3573 4
596 3518 987 3587 terebintinae,
1024 3521 1151 3576 item
1190 3527 1238 3576 7.
1372 3526 1435 3574 12
1475 3518 1695 3574 mitrae.
1830 3526 1900 3575 20
1935 3519 2187 3592 Aminei]
2229 3538 2382 3578 com-

346 3588 534 3643 minei.
611 3595 677 3643 21
716 3589 1089 3647 febricitante.
1237 3597 1308 3646 26
1346 3590 1516 3662 frigio
1554 3591 1768 3646 erizisa.

2569 2698 2575 2785 1
