2575 4092
979 198 1418 265 —33-

215 366 410 440 mento,
447 378 562 439 quo
599 362 779 440 pinna
818 360 1107 442 avellitur,
1145 361 1353 443 oculis,
1402 361 1542 423 dum
1581 361 1774 423 adhuc
1812 369 1994 442 tepet,
2042 361 2221 424 debet

212 446 440 527 infundi,
481 452 583 527 qui
629 452 754 511 ictu
792 451 989 529 aliquo
1027 451 1322 513 vulnerati
1359 458 1463 512 aut
1500 453 1786 530 sanguine
1835 452 2048 512 suffusi
2095 452 2217 513 fue-

211 538 344 616 rint3
403 537 596 598 album
664 558 900 619 quoque
966 542 1063 601 ovi
1119 542 1339 601 incocti
1396 558 1532 600 cum
1591 559 1767 601 croco
1825 542 1966 601 trito
2027 540 2218 601 oculis

210 628 627 704 superpositum
659 635 720 688 et
746 627 878 689 lana
904 628 1032 689 alba
1063 629 1268 690 sucida
1297 628 1628 690 involutum
1648 628 1938 690 medetur.
1979 629 2202 690 Ranam
2221 642 2322 691 135

53 743 56 792 3
164 713 271 773 5de
311 714 438 776 lacu
473 715 733 794 prendes
780 725 841 777 et
887 719 1056 796 spina
1104 717 1311 779 oculos
1357 719 1414 778 ei
1459 716 1760 778 subtiliter
1808 735 1986 778 erues
2035 726 2213 797 atque

53 799 56 868 l
207 804 259 862 in
291 821 477 881 panno
515 808 799 867 coccineo
848 806 921 866 de
959 806 1097 867 licio
1144 805 1356 887 ligatos
1403 805 1593 867 oculis
1640 808 1895 867 interius
1944 809 2214 867 cruentis

206 910 579 974 superpones,
636 898 755 955 cito
811 894 1163 956 medeberis,
1256 894 1370 955 Mel
1417 894 1681 957 Atticum
1731 902 1790 957 et
1837 903 2072 957 stercus
2119 897 2322 959 in-136

203 981 379 1063 fantis,
415 983 573 1062 quod
610 986 871 1064 primum
910 984 1173 1064 dimittit,
1212 986 1414 1045 statim
1444 1002 1516 1045 ex
1553 983 1705 1045 lacte
1744 983 2032 1066 mulieriS,
2062 1003 2214 1065 quae

53 1147 56 1152 Ι
201 1087 433 1147 puerum
486 1073 761 1154 allactat,
817 1072 1207 1152 permiscebis
1272 1082 1334 1134 et
1404 1076 1489 1134 sic
1545 1075 1827 1154 inunges;
1885 1074 1988 1134 sed
2044 1076 2214 1153 prius

138 1173 180 1213 10
203 1177 322 1219 eum
368 1164 468 1240 qui
513 1161 819 1223 curandus
876 1170 969 1223 est
1022 1170 1293 1224 erectum
1340 1162 1412 1223 ad
1457 1162 1674 1223 scalam
1721 1161 2017 1243 alligabiS,
2077 1165 2214 1242 quia

55 1251 56 1254 ’
201 1254 344 1309 tanta
389 1253 474 1311 vis
520 1250 934 1312 medicaminis
982 1262 1091 1331 est,
1138 1259 1206 1312 ut
1253 1270 1384 1312 eam
1430 1253 1546 1312 nisi
1592 1250 1865 1330 alligatus
1914 1254 2214 1331 patienter

53 1419 56 1430 Α
201 1336 340 1397 ferre
394 1358 513 1400 non
567 1342 789 1420 possit3
844 1342 1016 1402 cuius
1063 1340 1423 1401 beneficium
1468 1348 1589 1400 tam
1635 1358 1922 1419 praesens
1970 1349 2088 1421 est,
2147 1350 2214 1402 ut

53 1433 56 1544 ἱ
203 1431 359 1487 tertio
402 1429 495 1489 die
545 1428 816 1490 abstersa
862 1431 1025 1490 omni
1070 1429 1300 1490 macula
1347 1430 1598 1490 mirifice
1641 1431 1832 1489 visum
1873 1430 2085 1491 reddat
2123 1432 2211 1491 in-

201 1515 486 1579 columem.
578 1517 669 1578 Ad
725 1520 1064 1579 cicatricem
1120 1518 1210 1579 vel
1267 1516 1579 1597 plumbum
1635 1518 2078 1578 extenuandum
2139 1529 2315 1580 et187

55 1599 56 1630 ³
132 1617 175 1658 15
198 1607 612 1683 aspritudinem
647 1609 1138 1687 pruriginemque
1172 1607 1482 1668 oculorum
1521 1605 1889 1684 purgandam
1938 1613 1997 1666 et
2046 1624 2209 1667 umo-

196 1710 308 1754 rem
352 1696 700 1757 siccandum
749 1696 918 1757 etad
957 1695 1197 1757 scabras
1236 1714 1304 1756 ac
1355 1694 1625 1755 scabidas
1672 1693 1986 1773 palpebras
2032 1704 2210 1774 atque

195 1780 293 1842 alia
342 1786 659 1846 oculorum
712 1786 853 1845 vitia
901 1803 1085 1846 unum
1134 1785 1249 1846 hoc
1299 1783 1628 1845 remedium
1685 1781 1773 1843 vel
1817 1784 2208 1861 praecipuum

194 1879 299 1932 est:
382 1873 547 1935 Folia
606 1873 871 1952 oleagina
927 1874 1418 1936 commanducato
1494 1872 1811 1950 diligenter
1881 1890 2208 1951 eorumque

195 1976 348 2043 suco,
401 1964 693 2041 quem‘in
741 1981 841 2023 ore
890 1962 1231 2043 collegeris,
1286 1961 1505 2023 cotidie
1561 1963 1800 2021 ieiunus
1857 1960 2064 2022 oculos
2110 1960 2206 2021 ab-

53 2115 54 2134 ]
126 2060 171 2102 20
194 2046 384 2128 lingito
421 2053 514 2112 vel
554 2050 792 2111 inlinito
829 2070 940 2131 per
976 2051 1255 2132 linguam,
1295 2051 1571 2112 celeriter
1598 2051 1737 2111 vitia
1769 2068 1949 2129 supra
1989 2051 2207 2129 scripta

53 2143 54 2210 l
192 2136 474 2201 discuties,
552 2139 643 2200 Ex
689 2139 1076 2201 hirundinum
1113 2140 1292 2220 pullis
1344 2141 1413 2201 fit
1457 2138 1919 2218 calliblepharon
1958 2139 2313 2221 bonum,138

191 2228 331 2304 quod
386 2229 826 2309 aspritudinem
880 2231 1370 2309 pruriginemque
1428 2228 1738 2290 oculorum
1786 2235 2062 2307 potenter
2109 2247 2206 2289 ex·

188 2326 388 2396 purgat
432 2337 550 2379 nec
586 2320 812 2397 patitur
850 2320 1168 2397 quicquam
1205 2320 1267 2378 in
1309 2317 1401 2379 his
1449 2317 1754 2378 molestiae
1799 2336 2208 2398 concrescere,

190 2406 406 2468 umidos
444 2425 688 2488 quoque
725 2407 1078 2468 naturaliter
1115 2406 1319 2467 oculos
1353 2409 1629 2486 exsiccat,
1683 2407 1841 2486 quod
1879 2406 1992 2467 hoc
2031 2405 2208 2465 modo

121 2507 166 2548 2⁵
190 2500 583 2575 componitur:
622 2496 824 2576 Capita
863 2496 1164 2575 pullorum
1202 2514 1379 2575 quam
1418 2495 1671 2575 plurima
1710 2498 1845 2575 igne
1876 2494 2209 2555 lentissimo

189 2584 614 2647 comburuntur
667 2594 729 2646 et
780 2587 921 2647 trita
978 2587 1039 2645 in
1095 2584 1413 2663 pulverem
1455 2585 1875 2645 tenuissimum
1927 2583 2207 2662 redigun-

187 2679 294 2756 tur,
328 2693 481 2753 quae
520 2675 778 2736 admixta
813 2675 1046 2735 recenti
1083 2673 1254 2752 adipe
1294 2672 1542 2753 gallinae
1579 2673 1914 2733 inunctioni
1951 2673 2205 2731 maxime

188 2772 441 2838 prosunt.
529 2762 710 2824 Intibi
754 2764 992 2843 rustici,
1049 2762 1122 2822 de
1170 2781 1287 2840 quo
1337 2768 1666 2822 nascuntur
1713 2760 1992 2821 cauliculi
2039 2770 2311 2821 com-139

186 2848 395 2933 plureS,
442 2854 686 2914 contriti
733 2869 913 2913 sucus
959 2853 1023 2911 in
1076 2849 1317 2912 oculum
1362 2848 1682 2911 instillatus
1731 2849 2007 2909 celeriter
2053 2849 2205 2908 cica-

117 2951 165 2992 80
188 2940 357 3001 trices
395 2949 456 3002 et
493 2939 803 3019 plumbum
840 2940 1149 3001 oculorum
1189 2941 1412 3000 eximit.
1482 2937 1673 3017 Caput
1710 2937 1998 2999 stellionis
2038 2955 2194 2998 com·
2211 2947 2310 2997 140

186 3025 420 3090 bustum
467 3038 528 3090 et
572 3033 782 3091 tritum
840 3037 901 3090 et
956 3028 1118 3089 melli
1162 3030 1360 3089 Attico
1407 3026 1734 3088 admixtum
1781 3025 1986 3087 oculos
2032 3025 2203 3087 lacri-

187 3133 373 3179 mosos
409 3120 757 3180 inunctione
792 3118 1037 3179 adsidua
1067 3120 1251 3178 siccat
1280 3124 1341 3178 et
1370 3124 1552 3178 sanat.
1617 3114 1926 3177 Pulmonis
1956 3115 2196 3176 haedini
2209 3124 2308 3174 141

187 3207 475 3269 combusti
510 3209 662 3268 cinis
698 3209 1040 3286 prurigines
1076 3205 1385 3268 oculorum
1425 3206 1670 3266 discutit
1707 3211 1766 3265 et
1805 3203 2045 3265 scabras
2082 3202 2202 3282 pal-

53 3289 56 3338 ἓ
185 3294 392 3371 pebras
437 3297 729 3377 emendat,
778 3299 828 3356 si
875 3298 1047 3375 quasi
1094 3295 1342 3356 stibium
1386 3297 1724 3372 inponatur.
1797 3292 1957 3353 Felle
1997 3290 2193 3352 catelli
2207 3302 2308 3351 142

53 3341 56 3432 l
119 3393 164 3437 85
188 3381 410 3446 dierum
465 3393 695 3465 septem
750 3386 909 3446 oculi
964 3403 1036 3445 ex
1092 3383 1265 3445 melle
1322 3385 1554 3443 inuncti
1606 3384 1725 3442 cito
1782 3400 1815 3441 a
1871 3380 2200 3441 leucomate

320 3579 386 3629 21
408 3573 878 3644 calliblepharion
890 3573 1208 3630 Gornarius.
1247 3577 1317 3626 28
1332 3570 1618 3639 cauliculi]
1639 3569 1862 3623 articuli
1872 3531 2199 3636 Stephanus:

1809 3662 1839 3710 6
1851 3656 1880 3690 ’l‘
