2575 4092
1027 229 1100 240 -
1198 195 1508 260 259-

423 356 730 417 Confectio
777 357 1003 418 conditi
1047 357 1329 437 nefritici,
1376 358 1535 438 quod
1581 358 1722 420 facit
1766 360 1839 421 ad
1877 359 2142 421 dolorem
2180 380 2273 422 re-

241 448 435 525 nium,
495 448 548 505 si
604 445 800 525 aliquo
856 465 998 507 casu
1044 449 1238 507 vexati
1284 446 1536 528 fuerint,
1596 456 1656 508 et
1702 448 1773 509 ad
1820 452 2084 511 vessicae
2130 469 2271 530 pur-

239 537 541 613 gationem
580 542 640 595 et
677 553 749 595 ex
788 553 855 594 ea
894 535 1151 596 calculos
1181 534 1274 596 vel
1304 535 1578 597 sablones
1609 538 1928 620 eiciendoS,
1969 540 2083 600 sic:
2121 539 2270 601 Her·

239 622 352 684 bae
399 626 733 684 vettonicae
775 657 852 668 —
894 623 937 704 Ι,
984 624 1204 685 herbae
1252 625 1578 705 saxifragae
1622 658 1705 669 —
1744 625 1787 706 I,
1833 626 2072 708 herbae,
2119 648 2270 709 quae

179 730 209 771 5
239 711 574 793 appellatur
603 712 825 774 Graece
864 708 1105 795 asaron,
1132 716 1517 794 semunciam,
1554 717 1798 776 seminis
1831 716 2006 777 dauci
2033 735 2269 778 semun-

238 805 421 881 ciam,
478 804 722 863 seminis
777 801 1123 881 petroselini
1169 802 1535 864 Macedonici
1581 806 1847 880 unciam,
1893 809 2056 867 croci
2104 839 2181 850 —
2225 806 2268 886 I,

239 893 440 972 spicae
489 892 661 952 nardi
696 924 786 934 —
822 889 865 971 I,
911 894 1137 971 piperis
1179 924 1254 935 —
1298 891 1371 974 Il,
1416 895 1539 953 vini
1584 893 1821 954 candidi
1867 896 2075 972 optimi
2112 903 2270 957 vete-

238 982 328 1040 ris
373 982 664 1041 sextarios
712 999 834 1063 sex,
879 980 1070 1041 mellis
1116 981 1450 1060 despumati
1497 983 1708 1060 optimi
1745 981 1807 1043 8
1847 981 1898 1064 13
1947 984 2105 1063 quod
2156 982 2269 1044 hoc

236 1069 414 1130 modo
465 1069 940 1150 despumabitur,
990 1078 1055 1131 ut
1101 1071 1371 1131 mittatur
1415 1073 1478 1131 in
1525 1070 1698 1132 ollam
1746 1079 1808 1132 et
1851 1074 2104 1152 accipiat
2148 1075 2271 1133 vini

154 1178 208 1216 ιο
238 1176 452 1239 parum
500 1160 573 1220 de
621 1178 804 1238 supra
851 1161 1072 1238 scripta
1117 1177 1399 1220 mensura
1446 1168 1505 1221 et
1547 1179 1685 1221 cum
1731 1163 2000 1240 coeperit
2034 1160 2271 1243 bullire,

239 1266 451 1328 spuma
481 1250 674 1309 omnis
703 1248 945 1309 cocliari
971 1248 1251 1328 paulatim
1280 1248 1539 1310 tollatur.
1585 1249 1817 1311 Herbae
1842 1257 2040 1311 autem
2062 1269 2268 1312 omnes

237 1341 302 1398 in
341 1337 456 1416 pila
496 1337 852 1419 tunduntur,
889 1336 1164 1398 similiter
1192 1345 1253 1397 et
1280 1356 1544 1417 crocum,
1581 1339 1685 1399 sed
1725 1342 2041 1418 separatim
2070 1342 2268 1401 omnia

237 1436 302 1487 et
348 1425 592 1487 cribello
639 1428 990 1487 tenuissimo
1038 1434 1371 1487 cernuntur
1417 1445 1651 1487 necnon
1699 1435 1759 1487 et
1803 1430 1977 1507 piper
2024 1431 2268 1510 teritur3

239 1534 395 1595 quae
442 1518 638 1576 omnia
685 1523 861 1577 creta‘
895 1515 1071 1576 simul
1120 1517 1180 1575 in
1226 1517 1579 1576 mortarium
1634 1517 1957 1577 mittuntur
2012 1524 2073 1577 et
2127 1536 2267 1596 pau-

154 1623 208 1661 15
238 1604 405 1665 latim
442 1607 579 1665 vino
617 1604 846 1666 adiecto
885 1603 1202 1683 diligenter
1238 1612 1535 1665 teruntur.
1598 1603 1762 1675 Quae
1801 1623 1937 1666 cum
1975 1607 2114 1666 trita
2143 1605 2268 1667 fue-

238 1696 387 1774 rint,
439 1694 729 1755 adicietur
777 1700 837 1754 et
882 1692 1001 1754 mel
1048 1700 1108 1753 et
1153 1694 1356 1754 vinum
1405 1699 1594 1754 totum
1643 1711 1821 1774 supra
1870 1695 2161 1774 scriptum
2207 1704 2270 1756 et

238 1783 556 1861 diligenter
592 1781 1071 1862 permiscebitur,
1118 1790 1323 1861 postea
1363 1782 1654 1843 condetur
1691 1785 1753 1843 in
1791 1783 2028 1844 vasculo
2066 1801 2267 1845 caroe-

236 1873 434 1952 nari03
480 1890 618 1933 cum
665 1879 863 1933 autem
908 1872 1091 1933 fuerit
1128 1873 1532 1932 necessarium
1570 1871 1919 1952 remedium,
1964 1874 2268 1952 potionem

237 1964 301 2021 in
346 1962 584 2040 pisinno
633 1961 816 2023 calice
863 1960 1028 2021 calda
1072 1961 1318 2021 mixtam
1358 1961 1561 2021 ieiuno
1599 1960 1766 2022 dabis
1803 1959 2139 2039 bibendam,
2186 1963 2267 2021 ita

153 2066 209 2105 20
235 2059 306 2111 ut
352 2057 595 2128 accepta
640 2053 882 2131 potione
927 2056 1214 2110 vectetur.

416 2139 506 2199 Ad
544 2139 835 2201 calculum
874 2138 1206 2199 remedium
1244 2138 1453 2198 efficax
1492 2139 1605 2199 sic:
1648 2136 1859 2199 Nuclei
1896 2140 2058 2218 pinei
2085 2157 2266 2218 grana

237 2235 489 2309 purgata
534 2227 723 2306 XXX,
779 2227 1066 2307 palmulas
1113 2234 1393 2306 purgatas
1439 2228 1666 2288 infusas
1713 2226 1842 2309 XV,
1895 2228 2266 2307 tragacanthi

242 2310 320 2404 ,9-
362 2316 518 2398 XVI,
573 2317 712 2378 mali
763 2318 994 2397 granati
1039 2316 1230 2376 dulcis
1276 2334 1487 2377 sucum
1537 2308 1615 2402 ,9-
1653 2314 1809 2396 VIII,
1865 2319 2028 2378 croci
2075 2310 2155 2404 ,9-
2193 2316 2263 2395 11,

237 2424 473 2487 myrrae
496 2399 664 2493 ,9-11.
703 2405 862 2467 Haec
885 2407 1159 2466 universa
1188 2411 1439 2465 contusa
1469 2412 1528 2464 et
1556 2404 1750 2464 soluta
1769 2407 1831 2464 in
1852 2423 1916 2466 se
1936 2407 2264 2467 miscentur

157 2509 212 2551 25
239 2504 299 2557 et
338 2514 412 2557 ex
447 2496 542 2557 his
580 2497 685 2575 qui
721 2494 948 2556 calculo
985 2493 1213 2555 laborat
1253 2511 1428 2553 mane
1466 2494 1704 2553 ieiunus
1744 2495 1996 2572 accipiet
2033 2493 2265 2554 coclear

239 2604 445 2666 unum,
490 2586 571 2646 ita
616 2593 684 2646 ut
731 2604 849 2645 non
887 2584 1205 2644 manducet
1241 2600 1434 2661 usque
1471 2582 1659 2641 horas*
1687 2581 1923 2660 prandii
1967 2582 2262 2643 tardioris.

418 2674 506 2734 Ad
537 2673 940 2735 reniculorum
971 2671 1234 2732 dolorem
1255 2670 1585 2732 remedium
1606 2669 1988 2731 utilissimum
2009 2672 2121 2732 sic:
2152 2670 2261 2731 Cu-

239 2764 501 2825 cumeris
540 2764 668 2823 veri
706 2780 910 2823 semen
947 2763 1011 2821 in
1039 2766 1191 2821 testa
1219 2778 1407 2839 pones
1436 2778 1620 2839 super
1648 2758 1937 2820 carbones
1965 2761 2146 2839 vivoS,
2183 2761 2265 2819 ita

236 2860 305 2914 ut
345 2858 675 2931 temperate
713 2857 1000 2912 exuratur
1036 2867 1231 2929 neque
1268 2850 1447 2909 nimis
1485 2866 1678 2927 neque
1717 2867 1946 2930 parum,
1986 2855 2047 2908 et
2082 2865 2156 2907 ex
2192 2866 2263 2906 eo

155 2955 209 2995 so
239 2934 320 3028 9-
351 2940 461 3001 XII
500 2949 562 3002 et
598 2940 819 3001 malvae
859 2939 1104 3000 seminis
1136 2929 1214 3023 ,9-
1244 2935 1374 2996 XVI
1412 2943 1471 2997 et
1499 2937 1835 3017 amygdalae
1863 2954 2095 2999 amarae
2123 2953 2263 3017 pur-

236 3039 406 3110 gatae
464 3023 545 3117 ῼσ
592 3027 846 3089 XXXVI.
930 3027 1089 3088 Haec
1146 3028 1463 3106 separatim
1518 3035 1694 3087 tunsa
1749 3044 1887 3087 cum
1931 3028 1995 3088 in
2039 3029 2263 3088 tenuis-

236 3122 455 3181 simum
501 3118 805 3199 pulverem
853 3117 1093 3178 redacta
1138 3116 1389 3190 fuerint,
1447 3115 1621 3176 simul
1673 3117 1919 3176 misceto
1968 3123 2145 3190 et‚ex
2192 3134 2261 3175 eo

235 3228 376 3270 cum
429 3207 774 3288 hepsemae,
830 3207 892 3267 id
949 3214 1040 3267 est
1095 3222 1299 3285 sapae,
1356 3205 1563 3284 cyatho
1621 3204 1887 3266 cocleare
1943 3222 2130 3265 unum
2188 3203 2262 3263 de

233 3316 409 3359 mane
456 3300 657 3358 ieiuno
706 3296 872 3358 dabis
918 3292 1258 3356 bibendum.

418 3438 453 3486 4
493 3431 822 3502 saxistegae.
969 3434 1000 3483 5
1039 3445 1218 3483 saron.
1369 3434 1398 3481 7
1438 3427 1668 3482 canditi.
1827 3433 1893 3481 17
1933 3424 2262 3482 caroenario

232 3506 437 3575 scripsi
445 3526 462 3559 .-
500 3501 794 3558 carinariO.
949 3507 1017 3554 22
1054 3499 1354 3555 tracanthi.
1509 3505 1578 3553 26
1613 3514 1789 3565 usque
1827 3498 1901 3553 ad
1941 3498 2246 3552 Commius

234 3582 306 3632 30
343 3575 678 3646 amigdalae.
845 3578 912 3627 33
948 3570 1276 3642 hepsemae]
1316 3568 1568 3638 ipsimae.

1837 3656 1944 3711 17*

2310 374 2380 427 34

2303 2149 2372 2200 35

2302 2683 2370 2731 36
