2575 4092
980 241 1465 308 —351-

201 399 539 463 involutum
594 403 657 461 in
712 402 965 463 ventrali
1018 411 1243 485 gestes3
1305 404 1571 466 dolorem
1627 423 1746 465 non
1801 406 2046 485 patieris
2101 409 2230 467 eius

202 488 341 569 loci,
386 489 459 550 de
509 507 627 569 quo
671 490 858 552 fuerit
904 491 1125 572 aliquid
1172 493 1474 555 eductum.

383 577 517 639 Mus
565 579 881 658 degluptus
928 588 988 641 et
1032 599 1142 660 per
1188 582 1451 643 medium
1490 590 1765 643 exsectus
1802 582 2226 663 adpositasque
2266 595 2336 646 35

202 669 429 746 omnia,
476 686 627 746 quae
672 668 1039 730 inhaeserint
1085 672 1341 751 corpori,
1387 670 1557 732 facile
1602 671 1897 752 producit.
1980 671 2227 733 Crustae
2266 685 2336 735 36

146 775 174 815 ⁶
202 755 297 817 vel
353 774 489 817 ossa
544 758 845 835 sepiarum
900 757 1319 820 conburuntur
1364 761 1634 839 cinisque
1682 778 1886 821 earum
1931 761 2230 839 inpositus

201 846 424 925 educit,
462 863 874 925 quaecumque
912 850 1152 926 corpori
1187 848 1572 911 inhaeserint.
1616 847 1812 909 Alium
1842 847 2062 910 elixum
2091 867 2228 909 cum
2266 862 2334 913 37

199 937 338 1014 pice
383 935 710 1013 inpositum
757 935 1081 996 arundines
1128 937 1384 998 extrahit
1429 939 1670 1015 corpori
1715 936 1952 998 adfixas
2025 937 2228 999 Filicis
2265 951 2334 1000 38

200 1024 373 1084 radix
428 1024 568 1084 trita
624 1023 977 1084 arundinem
1033 1026 1316 1106 extrahit,
1380 1024 1623 1087 rursum
1687 1026 1998 1087 arundinis
2061 1026 2229 1087 radix

200 1121 381 1173 tunsa
417 1113 792 1192 inpositaque
832 1112 1065 1194 filicem,
1109 1131 1259 1193 quae
1299 1116 1539 1193 corpori
1575 1113 1916 1195 inhaeserit,
1953 1114 2228 1175 celeriter

116 1217 171 1258 ιο
201 1200 489 1261 extrudit.
580 1201 847 1262 Acrifolii
902 1202 1070 1262 radix
1137 1204 1393 1264 contrita
1458 1204 1832 1282 inpositaque
1897 1203 2017 1283 hie,
2077 1221 2228 1282 quae
2266 1216 2333 1265 39

200 1290 446 1368 corpori
485 1288 878 1370 adhaeserint,
923 1298 1199 1369 potenter
1245 1291 1535 1353 medetur.

384 1377 627 1457 Blattae,
671 1378 733 1439 id
781 1389 875 1440 est
918 1378 1221 1460 bestiolae,
1268 1380 1571 1441 adstrictis
1617 1380 2106 1460 tumentibusque
2155 1380 2227 1440 de
2264 1392 2335 1442 40

200 1468 422 1528 iniuria
467 1466 723 1546 pedibus
769 1475 830 1528 et
876 1467 1007 1529 talis
1054 1470 1228 1529 tritae
1275 1477 1453 1548 atque
1489 1469 1782 1548 inpositae
1819 1470 2033 1548 omnia,
2077 1486 2228 1547 quae

199 1556 570 1617 inhaeserint
607 1557 863 1636 corpori,
901 1564 1179 1635 potenter
1216 1556 1535 1635 expellunt.
1592 1556 1780 1620 Radix
1808 1557 2096 1617 silvestris
2126 1574 2228 1618 cu·
2265 1570 2334 1619 41

115 1661 169 1703 15
201 1646 467 1707 cumeris
532 1662 669 1705 cum
725 1644 913 1705 farina
976 1645 1083 1706 lini
1148 1648 1392 1707 seminis
1449 1647 1705 1724 inposita
1760 1644 1928 1705 valde
1983 1644 2230 1724 prodest

201 1733 490 1795 eiciendis
536 1733 647 1808 his,
695 1752 846 1812 quae
883 1735 1124 1813 corpori
1159 1734 1544 1795 inhaeserint.
1613 1733 1848 1815 Urticae
1885 1733 2052 1794 radix
2089 1751 2228 1794 cum
2264 1747 2333 1795 42

201 1822 326 1884 sale
381 1823 522 1882 trita
567 1829 745 1902 atque
792 1822 1060 1902 adposita
1105 1823 1409 1904 producit,
1467 1840 1875 1902 quaecumque
1925 1821 2229 1883 haeserint

201 1918 308 1972 aut
353 1909 574 1971 calcata
620 1912 859 1972 fuerint.

385 1998 828 2079 Cuiuscumque
875 1999 1142 2061 animalis
1188 1999 1501 2078 coagulum
1541 2001 1792 2060 maxime
1829 1998 2051 2077 leporis
2089 2016 2225 2059 cum
2265 2012 2334 2061 43

114 2105 173 2146 20
202 2090 336 2168 pari
381 2087 645 2166 pondere
694 2090 845 2149 turis
891 2088 983 2149 vel
1029 2091 1177 2150 visci
1220 2090 1548 2167 inpositum
1595 2105 1944 2168 permanere
1991 2088 2054 2146 in
2097 2105 2226 2148 cor-

202 2194 350 2257 pore
418 2194 568 2254 quae
628 2176 849 2238 calcata
905 2185 1045 2238 sunt
1098 2196 1219 2238 non
1276 2179 1434 2238 sinit.
1524 2176 1927 2257 Argimoniam
1981 2175 2228 2236 herbam
2264 2190 2336 2239 44

202 2274 365 2326 teres
404 2273 464 2325 et
499 2265 649 2345 loco,
695 2268 795 2327 cui
830 2264 1052 2346 aliquid
1089 2266 1368 2346 haeserit,
1411 2268 1848 2345 superpositam
1885 2264 2227 2344 conligabi3‚

204 2354 520 2415 confestim
553 2353 850 2435 proderit3
887 2354 999 2415 hoc
1039 2361 1351 2434 expertum
1390 2373 1521 2416 esse
1558 2354 1690 2433 legi.
1747 2353 1969 2414 Terrae
2007 2352 2227 2414 malum
2264 2367 2334 2416 45

197 2461 342 2504 cum
389 2441 562 2503 melle
609 2450 769 2503 teres
815 2451 878 2503 et
913 2445 1163 2521 inpones
1200 2442 1273 2504 ad
1312 2446 1524 2523 omnia,
1562 2460 1971 2522 quaecumque
2008 2441 2227 2503 calcata

118 2546 175 2589 25
210 2531 442 2592 extrahi
496 2530 784 2612 volueris3
837 2531 953 2592 hoc
1010 2533 1152 2592 satis
1199 2530 1346 2591 utile
1394 2534 1737 2610 experieris.
1818 2531 2042 2611 Nepeta
2089 2549 2226 2591 con·
2265 2545 2336 2595 46

204 2617 344 2681 trita
392 2619 484 2681 vel
529 2618 667 2680 rubi
706 2620 860 2701 folia,
906 2637 1040 2680 nam
1078 2620 1236 2680 idem
1273 2628 1595 2700 praestant,
1642 2621 1897 2699 inposita
1933 2619 2082 2699 loco,
2130 2621 2231 2680 cui

205 2708 426 2789 aliquid
473 2708 825 2789 inhaeserit,
869 2715 1147 2788 potenter
1190 2708 1526 2787 medentur,
1574 2710 1626 2768 si
1671 2708 1928 2786 desuper
1974 2726 2046 2768 ex
2090 2707 2227 2767 hor-

144 2843 148 2846 -
205 2797 393 2858 diacia
431 2798 621 2858 farina
657 2797 915 2859 massula
951 2799 1129 2858 nimis
1168 2796 1321 2857 salsa
1360 2805 1420 2858 et
1458 2796 1656 2857 calens
1686 2796 2033 2874 adponatur.
2087 2793 2225 2855 Lar·
2266 2810 2334 2858 47

205 2886 346 2948 dum
385 2894 622 2947 coctum
658 2904 794 2947 cum
832 2887 1041 2965 pingui
1078 2904 1186 2946 suo
1226 2886 1681 2964 adpositumque
1718 2891 1995 2963 potenter
2033 2885 2228 2944 omnia

121 2990 177 3032 so
206 2975 465 3055 expellit,
514 2992 663 3054 quae
712 2977 953 3053 corpori
996 2974 1381 3054 inhaeserint,
1429 2977 1481 3035 si
1525 2973 1645 3034 illic
1693 2973 1982 3051 alligetur.

383 3062 574 3124 Clavis
611 3062 830 3142 pedum
869 3062 1151 3143 callisque
1191 3071 1251 3124 et
1290 3065 1555 3124 verrucis
1592 3062 1738 3123 haec
1772 3061 2034 3122 remedia
2062 3060 2228 3122 utilia
2264 3074 2337 3124 48

206 3162 360 3213 sunt.
452 3152 598 3213 Nam
653 3151 958 3231 plerisque
1014 3154 1253 3213 nomine
1312 3150 1691 3212 clavellorum
1746 3152 2041 3230 pernicies
2088 3152 2226 3210 arti-

205 3240 355 3301 culis
411 3243 720 3321 increscit,
778 3258 929 3320 quae
986 3239 1274 3301 obdurata
1331 3239 1477 3301 callo
1536 3239 1788 3319 quodam
1846 3240 2091 3318 rigescit
2141 3240 2228 3298 in-

206 3328 641 3409 credibilesque
683 3329 924 3390 exhibet
952 3328 1292 3390 ambulandi
1319 3328 1715 3390 difficultates.
1771 3326 1929 3389 Haec
1959 3326 2229 3414 molestia

385 3469 451 3518 10
488 3462 648 3519 radix
685 3480 787 3519 om.
947 3469 1011 3518 11
1053 3480 1302 3535 corpore.
1450 3469 1518 3518 14
1557 3431 1802 3532 corpore.
1952 3467 2016 3516 16
2058 3461 2225 3533 quae]

203 3534 315 3604 qui.
467 3540 530 3589 19
570 3534 895 3605 quagulum.
1043 3541 1109 3590 21
1150 3535 1466 3606 agrimonia
1503 3533 1695 3589 herba.
1819 3537 1886 3587 26
1924 3533 2229 3602 praestent.

203 3612 270 3662 27
310 3605 576 3662 ordiacia.
722 3611 789 3660 29
826 3606 1055 3677 pinguo.
1203 3612 1269 3661 33
1308 3605 1542 3674 rigiscit.
