2575 4092
984 245 1103 291 f—
1201 209 1331 279 233
1409 152 1510 256 ’-

245 373 567 453 liquefacta
606 381 667 434 et
702 390 837 433 rosa
877 371 1132 433 adicitur
1169 390 1236 433 ac
1274 374 1445 451 prius
1473 373 1757 432 mortario
1784 370 1937 433 hene
1966 380 2027 433 et
2054 371 2278 452 pistillo

246 465 567 524 commixta
622 479 802 522 manu
849 469 1102 542 utraque
1151 460 1529 541 subiguntur.
1621 460 1787 521 Facit
1830 461 1945 522 hoc
1992 461 2276 540 malagma

246 560 308 613 et
362 552 436 612 ad
492 550 699 612 luxum
755 558 816 610 et
871 550 941 610 ad
1000 552 1210 629 capitis
1266 549 1533 610 dolorem
1584 550 1766 610 fronti
1812 552 2274 630 superpositum.

426 639 711 718 Malagma
759 639 831 699 ad
876 637 1136 699 lienosos
1183 641 1297 699 sic:
1347 637 1712 718 Myrobalani
1755 638 1817 699 P.
1854 639 1900 719 1,
1945 639 2273 718 aphronitri
2314 648 2347 698 8

194 746 222 787 ⁵
250 729 302 789 X
341 727 526 809 XXX,
572 729 846 807 capparis
887 726 1104 788 radicis
1142 727 1194 788 X
1233 725 1409 809 XXV,
1455 727 1817 788 cardamomi
1853 727 1903 789 X
1939 727 2113 807 XXV,
2159 746 2276 788 am-

249 820 509 878 moniaci
552 824 754 896 guttae
802 815 854 876 X
890 814 1072 898 XXX,
1117 834 1290 877 cerae
1327 815 1390 877 P.
1428 816 1471 896 1,
1517 817 1659 876 irini
1717 814 1834 876 olei
1879 816 1941 880 P.
1992 816 2051 876 S.
2130 816 2278 877 Cera

252 909 413 967 irino
460 905 732 985 solvitur,
790 903 1007 984 quibus
1062 907 1495 966 ammoniacum
1551 913 1719 966 aceto
1770 904 2025 965 dilutum
2070 908 2280 965 misce·

255 1003 372 1075 tur,
409 1001 615 1073 postea
652 993 817 1054 arida
856 1012 1006 1072 quae
1046 1002 1186 1054 sunt
1223 992 1480 1055 cribrata
1518 993 1924 1055 admiscentur
1962 1003 2020 1054 et
2058 995 2144 1054 sic
2178 993 2279 1054 diu

250 1085 315 1144 in
362 1085 645 1144 mortario
691 1090 990 1163 teruntur,
1039 1082 1250 1144 deinde
1298 1082 1571 1145 manibus
1617 1082 1770 1144 bene
1817 1081 2195 1161 subiguntur.

170 1191 226 1230 ιο
432 1172 928 1233 Medicamentum
963 1171 1117 1232 Iunii
1146 1171 1358 1253 Crispi,
1397 1173 1554 1251 quod
1593 1171 1922 1251 appellatur
1959 1171 2279 1252 ambrosia3
2316 1180 2348 1229 9

252 1262 368 1323 hoc
426 1279 498 1322 ex
552 1259 747 1321 mulso
806 1260 1008 1321 datum
1065 1259 1309 1321 lienosis
1363 1263 1751 1340 praecipuum
1805 1268 2070 1340 praestat
2116 1262 2278 1321 auxi-

253 1352 432 1431 lium3
477 1349 752 1429 pthisicis
800 1367 1036 1429 quoque
1085 1356 1147 1408 et
1190 1349 1303 1431 his,
1352 1351 1454 1429 qui
1500 1349 1823 1410 difficulter
1865 1368 1936 1410 ex
1973 1348 2279 1411 imbecilli·

254 1448 377 1500 tate
424 1438 598 1517 longa
645 1439 999 1498 reficiuntur
1045 1446 1104 1498 et
1153 1440 1257 1516 qui
1303 1437 1441 1498 mali
1479 1445 1620 1498 sunt
1658 1437 1892 1516 coloris,
1938 1455 2172 1499 necnon
2209 1437 2280 1497 ad

258 1528 368 1588 alia
418 1527 602 1588 multa
648 1529 786 1587 vitia
836 1528 979 1587 satis
1025 1525 1171 1587 utile
1219 1534 1328 1608 est,
1375 1528 1590 1605 recipit
1635 1526 1806 1587 haec:
1853 1525 2029 1587 Croci
2075 1523 2284 1605 optimi

169 1636 226 1677 ιε»
255 1616 310 1678 X
348 1614 427 1689 ΙΙ,
479 1618 755 1698 cinnami,
802 1615 991 1696 nardi,
1038 1618 1205 1694 costi,
1254 1616 1465 1696 casiae,
1512 1632 1765 1697 myrrae,
1812 1615 2055 1675 schoeni
2100 1614 2283 1694 floris,

256 1704 628 1784 singulorum
684 1703 735 1764 X
791 1703 1073 1783 singulos,
1165 1703 1271 1764 His
1328 1706 1597 1765 contusis
1653 1712 1713 1765 et
1768 1703 2045 1764 cribratis
2091 1703 2282 1763 mellis

254 1796 440 1855 Attici
505 1793 866 1855 admiscetur
933 1792 1088 1872 quod
1156 1795 1300 1854 satis
1365 1795 1465 1873 sit,
1534 1793 1674 1853 inde
1738 1792 1915 1853 datur
1971 1811 2043 1853 ex
2099 1792 2285 1853 calida

257 1902 409 1962 aqua
465 1883 538 1943 ad
586 1901 766 1961 supra
813 1882 969 1943 dicta
1017 1884 1212 1942 omnia
1259 1883 1400 1943 vitia
1448 1889 1735 1961 quantum
1787 1881 1955 1942 fabae
2002 1883 2285 1941 nostratis

247 1973 470 2033 modus
518 1979 626 2033 est.

167 2079 223 2119 20
433 2061 705 2120 Lienosis
750 2059 995 2138 prodest
1039 2059 1345 2140 hyacinthi
1392 2062 1636 2121 seminis
1685 2061 1964 2121 denarius
2003 2060 2283 2121 dimidius
2325 2064 2390 2114 10

252 2158 435 2230 potus
492 2167 565 2209 ex
619 2156 788 2209 aceto
845 2157 905 2210 et
949 2147 1150 2230 melle,
1204 2148 1406 2228 polion
1463 2150 1648 2210 herba
1693 2150 1787 2211 vel
1833 2152 2102 2211 tamarici
2148 2149 2284 2210 folia

254 2248 359 2299 aut
396 2237 663 2298 eiusdem
704 2255 907 2298 semen
944 2246 1046 2298 aut
1084 2247 1288 2299 cortex
1325 2237 1418 2299 vel
1453 2239 1656 2319 herba,
1696 2257 1871 2318 quam
1912 2258 2019 2299 nos
2047 2241 2286 2316 vitrum,

255 2327 471 2387 Graeci
505 2327 718 2387 isatida
755 2335 984 2409 vocant,
1022 2345 1137 2406 qua
1173 2328 1498 2388 infectores
1537 2334 1807 2409 utuntur,
1845 2328 2117 2388 similiter
2149 2335 2285 2405 pota

256 2416 581 2495 plurimum
629 2414 890 2493 prodest.

169 2523 228 2564 25
439 2504 805 2564 Ammoniaci
853 2503 1132 2564 denarius
1176 2504 1474 2584 dimidius,
1519 2506 1744 2584 piperis
1783 2523 1965 2583 grana
2003 2505 2284 2583 quinque,
2327 2509 2392 2557 11

256 2592 397 2654 ruhi
440 2594 638 2654 teneri
684 2591 960 2652 cauliculi
1006 2599 1158 2672 tres,
1214 2591 1363 2653 haec
1419 2595 1482 2653 in
1537 2585 1724 2654 unum
1771 2595 1910 2654 trita
1956 2594 2287 2653 miscentur

258 2691 320 2743 et
367 2682 585 2742 dantur
632 2682 828 2740 omnia
875 2683 1076 2741 ieiuno
1112 2680 1340 2741 lienoso
1380 2700 1496 2742 una
1536 2683 1777 2759 potione
1816 2700 1888 2741 ex
1926 2684 2079 2742 aceti
2117 2684 2314 2741 semi·‘

256 2773 431 2832 mixti
486 2769 696 2849 cyatho
754 2780 900 2849 uno'3
963 2771 1113 2829 mire
1178 2770 1491 2830 adversum
1558 2769 1823 2830 dolorem
1890 2777 1950 2830 et
2008 2770 2286 2830 duritiam

256 2860 433 2921 lienis
478 2858 738 2938 prodest.

176 2967 230 3006 so
441 2947 722 3027 Capparis
769 2945 985 3007 radicis
1023 2944 1117 3006 vel
1154 2948 1415 3026 corticis,
1462 2946 1662 3008 scillae
1700 2946 1867 3008 bulbi
1903 2947 2055 3007 aridi
2092 2965 2163 3007 ex
2202 2949 2287 3007 in·
2329 2953 2395 3002 12

261 3039 485 3098 teriore
530 3043 727 3117 parte,
775 3035 992 3095 radicis
1040 3052 1279 3114 quoque
1326 3038 1594 3116 panacis,
1643 3035 2013 3114 singulorum
2062 3035 2288 3097 denarii

262 3127 403 3187 deni
442 3126 679 3186 contusi
715 3131 776 3185 et
814 3124 1061 3184 cribrati
1098 3130 1266 3184 aceto
1309 3132 1368 3185 et
1404 3124 1577 3185 melle
1608 3134 2102 3206 consparguntur,
2140 3127 2290 3184 fiunt

261 3214 486 3295 pastilli
521 3213 903 3274 denariorum
941 3211 1330 3295 singulorum,
1379 3213 1596 3274 dantur
1631 3213 1875 3274 lienosis
1913 3232 1985 3273 ex
2023 3219 2190 3273 aceto
2231 3220 2290 3271 et

263 3303 465 3384 melle3
514 3302 754 3381 quidam
802 3301 1158 3361 addiderunt
1203 3301 1296 3362 his
1333 3304 1560 3381 piperis
1595 3310 1659 3362 et
1694 3304 1833 3362 vitis
1870 3301 2034 3361 albae
2072 3300 2289 3360 radicis

179 3410 234 3451 35
264 3393 543 3453 denarios
589 3391 796 3451 decem
851 3392 1042 3450 tritos,
1126 3389 1293 3451 Facit
1347 3390 1461 3451 hoc
1508 3390 2004 3451 medicamentum
2051 3387 2145 3447 his
2192 3390 2288 3448 ad-

264 3481 406 3543 ditis
454 3488 516 3541 et
563 3480 635 3540 ad
681 3478 1037 3558 hydropicos
1086 3488 1145 3539 ct
1192 3480 1262 3540 ad
1308 3481 1695 3558 suspiriosos3
1743 3486 1834 3537 est
1874 3477 1989 3536 hoc
2029 3476 2174 3536 utile
2219 3476 2291 3536 de

264 3571 690 3651 experimento.
