2575 4092
1007 219 1480 284 —377—

412 381 660 443 Galbani
707 384 1090 464 semunciam,
1135 382 1493 461 opopanacis
1540 384 1747 444 uncias
1794 382 1960 463 duaS,
2006 386 2261 445 castorei
2298 391 2366 442 53

233 473 442 533 uncias
489 470 569 552 11,
627 489 797 532 cerae
854 469 917 532 P.
967 470 1048 553 11,
1104 470 1219 531 olei
1272 470 1490 531 laurini
1544 473 1751 531 uncias
1796 470 1876 552 Π,
1932 470 2047 533 olei
2102 491 2260 533 com-

231 561 444 624 munis,
488 559 553 621 P.
592 559 645 641 1,
700 559 817 620 olei
873 561 1090 620 veteris
1145 559 1376 620 rancidi
1429 558 1492 620 P.
1530 559 1582 640 1,
1639 559 1971 638 aphronitri
2025 561 2262 622 candidi

230 649 446 728 pilulas
493 648 835 729 duodecim,
890 647 1184 709 medullae
1232 650 1504 709 cervinae
1550 648 1748 727 pondo
1795 666 2008 727 unum,
2060 649 2262 730 butyri

172 754 204 796 5
232 736 295 798 P.
345 737 397 818 1,
454 736 651 797 clavos
708 736 993 816 caligares
1049 737 1122 797 de
1180 736 1527 797 sterculinio
1584 736 1866 798 collectos
1923 738 1997 798 de
2054 738 2262 799 dextra

231 825 418 905 caliga
454 823 602 906 VIII,
650 825 723 886 de
770 828 1011 886 sinistra
1058 834 1286 906 septem
1323 827 1386 886 in
1425 825 1673 905 singulis
1710 825 1969 886 linteolis
2006 826 2260 906 alligato,

232 917 320 976 sic
374 916 438 974 in
495 932 744 975 aeneum
802 916 996 994 mitte3
1053 913 1267 974 deinde
1324 916 1407 975 ita
1463 933 1598 975 cum
1648 932 1828 994 supra
1874 917 2114 994 scriptis
2162 916 2261 976 de-

232 1021 442 1083 coque,
489 1010 557 1065 ut
604 1002 987 1082 emplastrum
1027 1002 1280 1063 densum
1318 1002 1499 1064 facias
1534 1002 1788 1083 pedibus
1827 1021 1963 1064 cum
2000 1004 2261 1065 volueris

232 1091 666 1171 adponendum.
732 1091 1145 1172 Opopanacem
1192 1109 1334 1151 sane
1381 1109 1517 1152 cnm
1563 1091 1900 1173 liquaveris,
1946 1092 2262 1170 galbanum

144 1196 204 1236 ιο
232 1187 437 1260 postea
484 1180 765 1261 liquabis3
812 1180 1027 1241 dehinc
1064 1182 1261 1240 omnia
1299 1180 1529 1259 reliqua
1571 1199 1709 1241 cum
1747 1183 1999 1262 coxeris,
2037 1180 2261 1242 colabis

233 1277 295 1330 et
342 1271 428 1330 sic
477 1269 549 1330 de
596 1271 908 1348 permixtis
954 1268 1231 1330 omnihus
1269 1269 1655 1348 emplastrum
1693 1269 1902 1351 facies3
1947 1270 2262 1331 miraberis

232 1358 566 1419 remedium
611 1358 923 1439 podagrae,
969 1360 1108 1436 quia
1153 1357 1414 1438 palmare
1460 1365 1570 1418 est.

411 1447 501 1507 Ad
556 1449 845 1525 impetum
908 1445 1203 1525 podagrae
1269 1446 1628 1525 remedium,
1693 1446 1853 1524 quod
1907 1446 2263 1508 Artemisius

234 1535 443 1595 Dianio
491 1535 752 1596 ostendit
798 1537 911 1596 sic:
967 1534 1142 1595 Croci
1188 1534 1463 1595 denarios
1510 1535 1687 1615 duoS,
1733 1535 1997 1613 pulveris
2042 1535 2264 1617 Asiani,

150 1637 206 1678 15
233 1625 295 1685 id
351 1631 442 1684 est
497 1624 569 1684 de
621 1623 816 1702 lapide
860 1622 1189 1703 Magnesio,
1246 1625 1352 1703 qui
1404 1626 1466 1683 in
1527 1622 1829 1684 venalibus
1886 1623 2126 1684 difficile
2173 1626 2262 1684 in-

234 1714 500 1795 venitur,
554 1714 789 1774 unciam
846 1730 1053 1791 unam3
1110 1712 1214 1772 sed
1272 1714 1324 1772 si
1379 1712 1478 1772 hic
1534 1730 1654 1772 non
1702 1713 1806 1791 sit,
1861 1729 1971 1790 pro
2017 1712 2279 1791 pulvere·

235 1802 566 1880 aphronitri
613 1834 697 1844 —
735 1800 762 1859 l
809 1803 1010 1861 mittes
1057 1808 1117 1861 et
1162 1819 1410 1861 ovorum
1458 1807 1740 1880 quattuor
1776 1800 2096 1881 lacrimam,
2143 1820 2264 1862 non

235 1890 568 1951 medullam.
660 1888 820 1950 Haec
878 1891 1015 1951 trita
1071 1896 1131 1949 et
1188 1891 1367 1949 mixta
1425 1896 1846 1968 conponuntur
1903 1890 1966 1949 in
2020 1889 2263 1950 modum

238 1981 444 2060 ceroti,
492 1997 609 2058 quo
657 1977 1111 2057 superlinuntur
1155 1978 1339 2057 pedes
1387 1978 1460 2038 de
1507 1976 1767 2055 pinnula.

158 2082 210 2121 20
417 2066 689 2127 Farinam
738 2067 811 2127 de
857 2065 1121 2127 meliloto
1167 2069 1229 2127 in
1275 2066 1418 2127 lotio
1464 2065 1724 2126 humano
1772 2074 1832 2126 et
1878 2067 2130 2144 axungia
2167 2085 2264 2127 ve-

237 2165 366 2217 tere
423 2173 728 2236 concoque
784 2173 1032 2235 eamque
1090 2173 1284 2234 panno
1350 2154 1534 2215 inline
1601 2162 1662 2215 et
1726 2172 1858 2214 mox
1927 2154 2031 2215 ubi
2095 2155 2265 2215 dolor

237 2244 659 2325 auspicabitur,
705 2243 958 2323 pedibus
1003 2246 1269 2326 impone,
1315 2262 1425 2323 pro
1472 2251 1637 2304 certo
1686 2245 1885 2304 statim
1933 2261 2070 2304 eum
2115 2243 2264 2304 mul·

239 2331 398 2393 cebit
442 2332 555 2393 hoc
600 2333 948 2394 remedium.
2036 2344 2065 2365 *

415 2421 719 2499 Axungiae
774 2419 836 2482 P.
894 2423 1036 2501 tria,
1101 2423 1334 2481 resinae
1398 2420 1835 2482 terebinthinae
1890 2418 1953 2482 P.
2002 2420 2059 2502 1,
2113 2423 2265 2502 picis

155 2521 210 2563 25
236 2508 497 2589 liquidae
542 2508 604 2569 P.
653 2510 703 2589 1,
762 2528 933 2570 cerae
991 2511 1323 2570 communis
1368 2507 1431 2569 P.
1478 2508 1531 2587 1,
1587 2507 1892 2588 sulphuris
1946 2511 2061 2570 vivi
2116 2510 2183 2570 P.
2221 2509 2265 2591 1,

237 2606 408 2658 rutae
456 2598 661 2659 viridis
710 2590 789 2684 ,9ae
826 2597 924 2678 III,
972 2598 1218 2658 schoeni
1262 2630 1335 2640 —
1378 2595 1448 2671 11,
1494 2596 1724 2657 bdellae
1771 2600 2032 2658 recentis
2070 2631 2154 2641 -
2193 2597 2263 2658 Π.

238 2686 386 2748 Cum
432 2689 627 2747 omnia
674 2686 1026 2747 remittenda
1073 2688 1379 2747 remiseris
1425 2691 1487 2745 et
1532 2693 1730 2745 cetera
1778 2687 2116 2766 miscueris,
2163 2705 2266 2747 no-

236 2777 478 2836 vissime
536 2775 728 2837 sulfur
784 2783 1029 2837 tunsum
1085 2775 1307 2835 adicies
1366 2780 1427 2834 et
1472 2776 1666 2834 omnia
1712 2775 1877 2834 iuxta
1922 2776 2121 2853 ignem
2169 2792 2266 2835 ex-

238 2866 453 2943 agitata
501 2863 796 2924 miscebis.
865 2862 1026 2924 Haec
1073 2864 1424 2943 compositio
1463 2861 1759 2941 praesidio
1798 2871 2027 2924 servata
2064 2880 2267 2942 quam-

158 2967 212 3008 30
240 2945 329 3013 vis
376 2970 575 3013 acrem
619 2954 908 3032 impetum
953 2952 1247 3031 podagrae
1297 2952 1548 3012 orientis
1595 2952 1904 3029 extinguit.

418 3040 548 3102 Olei
612 3043 842 3121 cyprini
906 3040 1166 3102 modium
1234 3042 1296 3100 in
1363 3058 1611 3101 aeneum
1678 3041 1937 3101 conicies
2012 3059 2266 3120 cumque

236 3131 499 3209 primum
545 3128 822 3209 fervebit,
876 3130 1079 3190 mittes
1124 3131 1187 3189 in
1233 3128 1380 3188 illud
1428 3127 1664 3207 vulpem
1712 3128 2030 3189 masculam
2082 3131 2266 3190 vivam

240 3228 301 3280 et
356 3225 476 3280 tam
523 3218 627 3279 diu
683 3235 935 3299 coques,
997 3217 1186 3277 donec
1242 3234 1462 3296 corpus
1519 3218 1647 3277 eius
1706 3216 1947 3277 surculo
1996 3217 2267 3279 facillime

236 3308 665 3388 transferetur3
702 3314 847 3367 tunc
886 3306 1079 3367 oleum
1110 3305 1442 3385 percolabis
1477 3312 1536 3366 et
1564 3306 1785 3366 adicies
1811 3307 1876 3365 in
1904 3305 1964 3365 id
1995 3309 2268 3387 samsuci,

329 3533 334 3538 ·
421 3518 489 3567 22
528 3529 630 3581 pro
670 3512 847 3595 certo]
888 3529 965 3567 an
1003 3513 1315 3581 leyendum:
1360 3511 1587 3579 impone
1633 3527 1737 3579 pro
1775 3513 1994 3577 ceroto,
2033 3511 2266 3567 statim?

239 3591 311 3640 32
351 3583 660 3639 masculam
698 3583 886 3640 vivam
924 3584 1150 3652 scripsi.-
1186 3583 1498 3637 masculum
1535 3580 1726 3636 vivum
1766 3551 2086 3636 Gornar’ius.

2301 1452 2372 1502 54

2302 2070 2371 2120 55

2303 2425 2373 2476 56

2305 3046 2372 3097 57
